2561 4122
395 234 532 297 144

137 282 208 313 Sal.

139 324 241 356 Anno

139 364 216 401 9⁶81

300 452 495 506 subditus
508 456 551 505 in
567 454 633 507 die
646 457 829 505 Domini
841 453 1009 522 spiritus
1034 454 1084 500 {it
1106 451 1260 499 saluus.

367 521 444 568 Sed
456 520 708 570 Astronomi
720 520 803 571 hoc
816 523 930 571 idem
944 521 994 573 de
1018 520 1138 570 vobis
1161 526 1202 565 &
1217 522 1296 567 Ni-

298 588 488 657 cephoro
500 594 785 658 pronuntiant
798 630 807 644 .,
846 595 927 644 Res
942 625 954 644 ,
967 593 1162 657 inquam,
1175 591 1296 634 mira.

299 662 416 704 Cum
428 658 618 726 quodam
631 658 726 709 sum
739 659 903 706 locutus
916 658 1181 707 Astronomo
1195 691 1208 710 ,
1221 659 1296 724 qui

301 725 500 781 vestram,
515 727 682 777 domini
695 730 779 778 mei
792 725 971 795 Augusti
985 762 998 781 ‚
1010 727 1295 795 equiuocique

300 793 427 849 vestri
440 795 638 863 Augusti,
651 794 860 850 formam,
871 814 1029 849 mores,
1043 811 1090 842 vt
1102 793 1216 848 sunt,
1228 813 1296 842 ve·

297 861 489 918 redixit,
527 867 777 933 cuneiaque
790 882 883 913 mea
900 865 1114 933 praeterita
1127 897 1141 917 ,
1177 859 1296 930 quasi

297 931 515 1000 praesentia
528 932 664 985 dixit.
706 936 799 982 Nec
820 935 1023 1003 praeterijt
1045 930 1294 1000 quisquam

294 1002 554 1055 amicorum,
567 1000 631 1051 vel
647 1001 997 1054 inimicorurmde
1009 999 1161 1071 quibus
1174 1017 1294 1047 mens

294 1067 618 1136 mihisuggeffit
631 1104 644 1123 ‚
660 1086 705 1122 vt
726 1072 1039 1138 interrogarem
1053 1103 1068 1122 ,
1090 1070 1205 1115 cuius
1219 1067 1293 1114 ha-

292 1135 453 1189 bitum„
468 1135 658 1187 formam
671 1144 714 1183 &
725 1156 867 1186 mores
881 1155 969 1185 non
982 1135 1294 1203 diceret.Qid-

332 1204 402 1252 uid
413 1205 661 1257 calamitatis
674 1208 785 1253 mihi
798 1205 882 1255 hoc
903 1209 946 1254 in
960 1208 1109 1253 itinere
1120 1204 1293 1258 accidit,

292 1224 491 1327 gutur-um
513 1271 588 1321 esse
611 1273 809 1342 praedixit
832 1313 840 1323 .
878 1278 939 1323 Sit
961 1273 1235 1324 mendacium
1273 1279 1291 1297 *

293 1359 421 1391 omen
434 1342 554 1410 quod
568 1341 674 1392 dixit
691 1364 704 1400 ς
718 1361 854 1392 vnum
867 1341 1007 1413 quaeso
1020 1377 1033 1397 ,
1059 1340 1292 1389 solummo-

292 1411 349 1461 do
361 1407 411 1457 s1t
428 1427 580 1461 verum
594 1444 608 1464 ,
642 1411 762 1479 quod
774 1430 848 1460 vos
861 1411 936 1460 effe
957 1407 1143 1462 fasturos
1166 1412 1287 1459 Nice.

292 1477 640 1548 phoropraedixit
658 1513 669 1533 ,
684 1478 755 1527 fiat
781 1483 948 1529 vtinam
963 1515 976 1534 ,
1001 1482 1166 1528 vtinam
1190 1477 1290 1532 fiat,

291 1555 336 1594 δε
350 1564 444 1596 tum
459 1546 515 1595 nil
528 1566 598 1597 me
615 1547 716 1597 mali
730 1546 890 1618 paffum
901 1548 977 1598 esse
998 1547 1252 1615 intelligam.

362 1614 516 1664 Scribit
535 1618 665 1665 etiam
679 1614 880 1686 praefatus
892 1619 965 1685 Hy
1003 1615 1177 1684 politus³
1188 1620 1290 1676 Gre-

133 1694 268 1764 555510-
290 1703 361 1732 cos
374 1702 462 1737 non
476 1682 624 1738 debere
636 1690 881 1735 Sarracenos
893 1721 907 1742 ,
919 1636 997 1736 secl>
999 1690 1174 1733 Francos
1188 1702 1289 1732 con-

134 1743 174 1804 Zs
186 1742 274 1805 ἇζῖἷῖ
294 1770 444 1808 terere,
456 1771 542 1822 qua
553 1752 731 1806 lestione
743 1757 955 1804 Sarraceni
974 1756 1151 1800 animati
1166 1787 1179 1807 ,
1190 1769 1287 1801 ante

134 1815 229 1846 ”⁵³²
292 1823 528 1872 triennium
556 1840 657 1871 cum
680 1823 875 1872 Manuele
912 1825 1091 1874 Patricio
1104 1857 1117 1876 ,
1156 1824 1285 1870 Nice-

293 1889 421 1958 phori
434 1907 589 1959 nepote
606 1925 618 1944 ‚
630 1895 746 1939 iuxta
757 1891 934 1959 Scyllam
949 1899 991 1938 δε
1014 1889 1287 1959 Charybdim

290 1961 335 2011 in
354 1962 464 2009 mari
475 1958 616 2007 Siculo
632 1958 811 2012 ‚bellum
834 1977 983 2031 parant
1001 1994 1014 2014 ,
1049 1961 1166 2006 cuius
1201 1961 1286 2005 im-

293 2025 455 2074 menstts
481 2030 623 2096 copias
647 2046 747 2076 cum
769 2025 1109 2097 prostrauiffent,
1146 2025 1287 2096 ipsum

131 2094 273 2171 :fltfss‘zffl
292 2094 716 2164 comprehenderunt
728 2131 742 2150 ,
755 2100 940 2169 capiteq5
962 2106 979 2121 ⁴¹
995 2114 1198 2144 truncum
1219 2095 1286 2145 su-

153 2151 172 2171 a
187 2152 205 2171 u
242 2162 249 2171 ’
291 2162 574 2234 spenderunt:
611 2167 728 2212 cuius
766 2165 929 2215 {ocium
955 2173 998 2214 &
1018 2164 1285 2213 commilito-

153 2251 230 2300 gui:
248 2251 274 2283 ι’,
294 2250 393 2281 nem
405 2251 508 2280 cum
519 2249 743 2302 caperent,
760 2237 835 2301 qui
848 2237 1036 2282 neutrius
1048 2250 1135 2281 erat
1158 2251 1283 2300 gene-

132 2293 265 2374 },fflssf
293 2302 351 2348 ris
365 2333 379 2355 ‚
391 2300 584 2350 occidere
597 2299 695 2350 sunt
715 2300 957 2369 dedignati,
972 2300 1039 2350 sed
1060 2303 1259 2349 vinetum
1273 2335 1286 2354 ,

294 2387 340 2415 ac
350 2367 478 2436 longa
489 2366 675 2417 custodia
690 2386 952 2418 maceratum
967 2371 1073 2415 tanti
1087 2369 1285 2417 vendide-

294 2453 422 2491 runt,
457 2439 609 2505 quanti
620 2454 696 2485 nec
709 2437 842 2486 vllurn
866 2435 1287 2487 huiusmodimorta-

291 2504 345 2557 les
358 2503 445 2553 sani
458 2508 605 2573 capitis
629 2523 841 2553 emerent.

359 2576 452 2625 Nec
465 2571 695 2623 infirmiori
709 2577 856 2623 animo
869 2608 882 2627 ,
894 2574 1041 2623 eadem
1054 2572 1287 2622 confirma-

292 2644 324 2689 ti
337 2641 515 2694 le<5³cione
529 2675 542 2696 ,
554 2641 666 2690 haud
679 2642 817 2692 multo
830 2640 925 2712 post
936 2641 1144 2710 Magistro
1155 2647 1285 2692 Exar-

291 2708 460 2758 chontae
472 2727 728 2764 occurrunt,
765 2713 951 2780 quemin
974 2706 1123 2778 fugam
1148 2728 1285 2759 verte,

295 2794 390 2825 rent
405 2781 513 2831 ,eius
523 2781 664 2851 copias
676 2778 877 2831 omnibus
904 2778 1048 2829 modis
1071 2782 1286 2829 contr-iue-

295 2861 421 2898 runt.
492 2878 497 2882 ·

367 2912 638 2968 Est&aliud,
673 2915 791 2984 quod
814 2933 927 2964 nunc
962 2913 1287 2983 Nicephorum,

136 2996 281 3043 ,ᾖς-ὄλ,
299 2981 507 3050 compulit
527 2985 667 3051 copias
689 2988 733 3032 in
747 2982 931 3052 Assyrios
942 2983 1118 3034 ducere:
1147 2987 1286 3051 Argo-

140 3059 268 3110 spovy-
301 3068 398 3099 rum
410 3053 526 3101 enim
538 3069 714 3100 omnem
725 3055 945 3121 regionem
962 3087 976 3106 ,
1011 3051 1164 3099 instans
1178 3069 1288 3101 tem-

138 3114 279 3172 w‘wss·
300 3137 379 3188 pus
392 3152 406 3172 ‚
416 3121 510 3168 Deo
520 3118 686 3169 iubente
701 3155 714 3174 ,
749 3140 800 3167 eo
812 3119 941 3188 vsque
953 3117 1083 3170 fames
1094 3123 1259 3168 attriuit
1273 3155 1287 3174 ‚

298 3203 346 3237 vt
361 3204 497 3254 neque
510 3189 639 3236 tritici
650 3187 734 3237 duo
747 3186 960 3255 papienses
984 3187 1148 3250 sextarij
1162 3206 1287 3236 aureo

298 3271 603 3325 comparentur
617 3288 630 3308 ,
644 3254 771 3324 hOCq3
790 3255 860 3304 vbi
884 3254 1048 3307 vbertas
1069 3253 1185 3324 quasi
1221 3275 1286 3303 re-

332 3340 404 3371 nat
418 3361 427 3373 ,
465 3324 586 3371 Hanc
599 3322 783 3390 pestem,
808 3323 998 3374 muribus
1018 3327 1285 3392 cooperanti-

299 3343 379 3442 {us
393 3394 450 3440 ita
460 3390 657 3441 dalatauit
673 3425 687 3445 ‚
722 3407 768 3441 vt
789 3393 1007 3443 meffionis
1031 3409 1288 3461 tempore),

303 3458 516 3531 quidquid
549 3456 706 3527 vbique
740 3474 950 3509 terrarum
971 3479 1149 3510 annonae
1173 3477 1263 3510 erat
1276 3495 1289 3514 ,

302 3531 492 3577 minimo
501 3526 602 3575 dato
613 3529 752 3595 pretio
766 3560 778 3579 ,
790 3523 1075 3595 poffefforibus'
1096 3528 1290 3579 eiulanti-

300 3595 705 3664 bus‚c'ongregarit.
743 3594 876 3662 Qod
889 3612 990 3645 cum
1010 3599 1126 3645 iuxta
1151 3595 1291 3644 Meso-

299 3667 536 3736 potamiam
547 3660 700 3714 faceret
712 3697 727 3718 ‚
761 3659 1026 3734 vbifrugurn
1045 3667 1173 3736 copia
1191 3682 1291 3714 mu-

104 1340 109 1343 ’
135 1340 154 1360 ⁴
176 1348 275 1370 emme.

836 213 1011 282 Otho
1024 213 1281 298 Magnus
1294 212 1508 299 Imper.
1524 214 1733 280 Occid.
1748 215 1865 280 XII.

297 334 479 385 corpore
492 351 506 372 ,
518 331 726 389 quatenus
740 318 783 364 in
796 315 835 364 se
848 316 1052 370 reuersus,
1063 314 1297 383 dominisq3
1322 309 1323 312 Ἴ
1350 316 1463 363 ribus
1475 314 1711 367 absentibus
1724 332 1912 364 creuerat
1925 349 1939 369 ,
1951 333 2083 365 arenae
2093 321 2220 365 maris
2233 320 2343 367 mul-

301 382 383 436 suis
410 383 556 436 Basilio
577 392 619 432 &
642 384 931 436 Constantino
965 382 1297 457 Imperatoribus
1351 385 2049 433 titudiniannonaemultitudinem
2078 391 2337 454 coaequauit.

1347 454 1485 520 Igitur
1496 472 1597 500 cum
1609 453 1679 501 vili
1693 453 1776 500 hoc
1792 456 2058 501 commercio
2082 459 2265 523 turpiter
2275 452 2338 501 fa,

1346 539 1435 568 mes
1469 555 1482 575 ‚
1523 520 1594 570 vbi
1623 520 1835 569 deseeuiret
1869 555 1882 574 ,
1917 524 2139 590 octoginta
2171 523 2337 570 millia-³

1345 589 1622 644 mortalium,
1646 589 1826 637 obtentu
1856 590 2042 643 militiae,
2079 590 2220 638 secum
2232 609 2336 640 con-

1343 660 1535 725 gregauit
1547 679 1560 714 ,·
1597 657 1752 726 quibus
1776 676 1853 727 per
1874 660 2130 705 continuum
2145 659 2336 706 mensem

1341 725 1460 792 quod
1486 744 1572 775 vno
1591 744 1752 774 emerat
1775 744 1900 773 aureo
1921 725 2082 772 duobus
2117 728 2332 776 vendidit.

1341 795 1418 839 ΗΞ
1430 792 1543 848 sunt,
1554 794 1731 842 domine
1743 797 1807 842 mi
1818 813 1880 841 res
1897 829 1909 848 ,
1921 812 2015 861 quae
2029 793 2327 863 Nicephorum

1340 864 1480 929 copias
1517 865 1558 909 in
1586 861 1771 931 Assyrios
1808 881 1922 910 nunc
1944 862 2095 910 ducere
2116 864 2333 932 compule-

1341 947 1466 979 runt.
1508 930 1585 979 Sed
1632 930 2332 1000 uales,quaeso,copias?vere,in-

1341 1017 1491 1067 quam,
1506 950 1891 1054 nonciiomines‚sed
1904 998 2151 1047 bominibus
2165 996 2328 1047 similes:

1339 1066 1493 1135 quibus
1507 1067 1651 1135 lingua
1665 1085 1835 1115 tantum
1848 1086 2003 1137 procax
2019 1101 2031 1120 ‚
2050 1067 2121 1115 sed
2140 1063 2330 1135 frigidas

1337 1134 1443 1183 bello
1480 1136 1672 1183 dextera.
1712 1141 1815 1184 Non
1837 1136 2007 1204 inspicit
2031 1138 2077 1182 in
2114 1134 2177 1182 his
2201 1139 2331 1183 Nice-

1338 1203 1498 1270 phorus
1510 1205 1759 1274 qualitatem
1774 1240 1786 1259 ,
1797 1203 1865 1252 sed
1880 1204 2010 1252 solam
2024 1206 2330 1273 quantitatem,

1337 1268 1456 1342 quod
1468 1291 1600 1342 quam
1615 1271 1899 1341 periculosum
1912 1272 1967 1320 illi
1993 1271 2070 1326 sit,
2108 1288 2203 1318 tum
2239 1271 2330 1319 sero

1337 1340 1561 1410 poenitebit
1574 1360 1674 1388 eum
1688 1376 1701 1395 ,
1714 1360 1814 1388 cum
1830 1340 2011 1391 imbelles
2025 1341 2329 1410 plurimi,mul—

1336 1410 1516 1457 titudine
1527 1412 1703 1458 animati
1717 1446 1730 1464 ‚
1744 1410 1767 1457 a
1781 1410 1930 1456 nostris
1944 1411 2163 1479 perpaucis
2189 1407 2327 1456 bella-„-

1333 1476 1576 1532 scientibus,
1591 1481 1732 1525 immo
1743 1476 1978 1525 fiticntibus
1995 1494 2272 1525 conterentur
2287 1516 2294 1524 .

1399 1552 1516 1595 Cum
1540 1543 1783 1595 obsideretis
1805 1547 1954 1594 Bardas
1975 1580 1988 1600 ,
2025 1548 2201 1592 trecenti
2236 1562 2330 1594 tan-
2345 1550 2480 1625 ἐξέλξ-

1336 1615 1569 1663 tummodo
1615 1617 1778 1683 Vngari
1815 1617 1934 1662 iuxta
1971 1612 2481 1677 Τὶ]ςίῖἓι1οηἱεαημςφι,,,η,,

1333 1686 1591 1751 quingentos
1608 1687 1775 1731 Graecos
1803 1682 2248 1753 comprehenderunt,
2283 1690 2327 1729 ὃς
2343 1677 2439 1710 bellis.

1332 1754 1377 1799 in
1399 1753 1636 1819 Vngariam
1663 1751 1898 1799 duxerunt.
1937 1757 2044 1821 Qae
2067 1769 2128 1798 res
2143 1785 2156 1804 ,
2191 1754 2326 1819 quia-³

1333 1818 1527 1890 prospere
1539 1818 1732 1867 succeffit
1747 1853 1760 1872 ,
1774 1820 1984 1888 compulit
2004 1819 2210 1866 ducentos
2233 1822 2326 1866 Vn-

1331 1886 1678 1957 gariorumhaud
1704 1886 1829 1956 longe
1849 1886 2220 1955 Constantinopoli
2256 1890 2324 1934 in,

1333 1957 1584 2005 Macedonia
1624 1954 1815 2003 similiter
1851 1953 1987 2004 facere
2012 1974 2021 2000 τ
2059 1975 2110 2002 ex
2134 1954 2289 2024 quibus
2312 1990 2326 2010 ‚

1332 2045 1430 2075 cum
1444 2024 1610 2074 incaute
1622 2043 1694 2093 per
1722 2024 1942 2093 angustam
1963 2023 2147 2072 redirent
2183 2028 2296 2074 viam
2311 2058 2325 2078 ,

1332 2095 1614 2163 quadraginta
1631 2093 1728 2141 sunt
1751 2096 1890 2161 capti,
1927 2111 2033 2161 quos
2055 2111 2169 2139 nunc
2194 2096 2326 2140 Nice-

1333 2162 1493 2231 phorus
1505 2162 1556 2210 de
1569 2160 1754 2209 custodia
1765 2163 1955 2215 ednotos,
1969 2159 2326 2228 pretiofissimisq3

1335 2230 1516 2279 vestibus
1529 2247 1720 2284 ornatos,
1732 2248 1934 2301 patronos
1947 2228 2021 2276 sibi
2034 2236 2077 2274 ὅ(
2091 2226 2328 2276 defensores

1335 2301 1515 2369 parauit,
1527 2297 1668 2346 secum
1687 2302 1731 2345 in
1750 2296 1934 2367 Ass'yrios
1947 2298 2124 2345 ducens.
2163 2298 2327 2343 Verum

1334 2367 1468 2437 qualis
1482 2364 1534 2413 fit
1547 2370 1632 2415 eius
1646 2369 1851 2414 exercitus
1866 2400 1879 2420 ‚
1895 2365 1994 2412 hinc
2019 2364 2186 2434 potestis
2198 2367 2329 2428 conij-

1333 2455 1424 2484 cere
1437 2439 1669 2503 ,quoniam
1684 2437 1759 2503 qui
1780 2437 1927 2482 ceteris
1953 2432 2331 2505 praestant‚Vene-·

1335 2507 1407 2554 tici
1419 2503 1534 2558 sunt,
1548 2511 1590 2550 &
1604 2503 1898 2571 Amalphitani
1914 2541 1922 2549 .

1352 2586 1353 2589 ’
1404 2576 1534 2621 Nunc
1557 2571 1621 2618 his
1642 2573 1807 2620 omiffis
1821 2605 1834 2624 ,
1868 2570 1976 2638 quid
1997 2570 2107 2617 mihi
2131 2569 2329 2616 acciderit

1333 2640 1678 2690 animaduertite.
1716 2639 2028 2687 SextoKalend.
2059 2637 2238 2709 Augusti
2257 2656 2328 2684 ex,

1336 2726 1399 2758 tra
1432 2707 1857 2777 Constantinopolim
1870 2710 1914 2755 in
1935 2706 2117 2755 Vmbria
2152 2709 2176 2756 a*
2196 2709 2327 2754 Nice-

1335 2777 1476 2847 phoro
1502 2777 1718 2826 licentiam
1739 2779 1882 2846 accepi
1915 2776 1970 2823 ad
1991 2795 2066 2825 vos
2101 2774 2330 2828 redeundi,

1336 2864 1523 2914 cumque
1534 2844 1957 2914 Constantinopolim
1967 2847 2160 2893 venirem
2173 2879 2186 2898 ,
2198 2841 2327 2891 Chri-

1336 2913 1559 2983 stophorus
1583 2916 1784 2962 Patricius
1806 2911 2035 2962 Eunuchus
2050 2946 2062 2965 ‚
2102 2914 2177 2980 qui
2199 2914 2328 2958 Nice—

1337 2982 1466 3052 phori
1487 2985 1624 3031 vicem
1647 2985 1757 3049 gerit
1778 3018 1791 3038 ,
1826 2980 1937 3029 mihi
1963 2981 2181 3029 mandauit
2203 3013 2217 3033 ‚
2251 2999 2328 3026 non

1331 3052 1428 3120 poffi’
1448 3070 1511 3098 me
1530 3068 1621 3099 tunc
1641 3049 1804 3099 recedere
1827 3084 1841 3104 ,
1877 3053 1973 3116 quia
1994 3051 2207 3097 sarraceni
2235 3065 2327 3095 tunc

1338 3135 1613 3185 occupauerunt
1633 3138 1766 3172 mare,
1802 3117 1862 3178 (ψ
1884 3119 2037 3183 Wzgari
2054 3135 2223 3164 terram:
2259 3133 2328 3161 ex-
2389 3139 2485 3186 qm,-

2345 3192 2407 3264 Ξῖῗ
2426 3193 2484 3254 2⁷2¹,

1338 3272 1455 3304 rent:
1494 3253 1565 3304 sed
1576 3271 1825 3321 Vtrumque,
1823 3253 1948 3366 sproh
1959 3251 2096 3305 dolor,
2108 3248 2191 3300 fuit
2203 3270 2325 3298 men-
2346 3265 2467 3306 Luitpr.

1340 3186 1600 3256 pecstandum
1621 3185 1731 3234 mihi
1754 3185 1855 3238 esse,
1888 3184 2025 3232 don'ec
2046 3181 2123 3252 ipfi
2143 3182 2324 3232 discede„

1339 3325 1510 3372 dacium
1524 3361 1533 3370 .
1572 3324 1698 3369 Tunc
1708 3339 1820 3390 appo
1841 3317 1999 3368 itisunt
2021 3318 2210 3368 custodes
2228 3324 2327 3389 ,qui

1342 3392 1451 3440 mihi
1465 3392 1623 3438 &meis
1646 3389 1815 3438 adomo
1826 3406 1920 3436 mea
1939 3390 2103 3435 exitum
2127 3387 2329 3456 prohibe-

1343 3477 1437 3510 rent
1452 3499 1461 3509 ,
1501 3461 1658 3508 Latinae
1670 3457 1822 3525 linguae
1835 3474 2049 3524 paupere3‚
2060 3462 2135 3524 qui
2147 3475 2217 3503 me
2227 3457 2330 3504 elee-

1345 3526 1623 3596 mosynarum
1634 3529 1768 3593 gratia
1788 3526 1983 3573 adierunt
1998 3558 2010 3577 ,
2046 3524 2329 3592 comprehen-

1345 3597 1488 3644 dentes
1509 3594 1785 3647 caeciderunt,
1822 3591 2020 3640 custodia>
2042 3593 2329 3640 tradiderunt:

1348 3663 1632 3715 Graecolonon
1644 3680 1793 3715 meum
1806 3695 1821 3720 ,
1856 3661 1900 3711 id.
1909 3659 1970 3709 est
1982 3695 1997 3717 ,
2008 3664 2161 3715 Graecae
2182 3660 2333 3728 linguae

1317 3771 1331 3794 ,
1427 3763 1430 3768 -
2168 3746 2270 3803 gna-3
