2561 4122
120 187 218 224 ,Anno

117 231 144 260 S
146 232 189 261 al.

117 274 190 307 981.

148 802 240 840 XCI.

126 1297 233 1331 XCII.

107 1545 178 1583 Lib.
189 1554 216 1587 3.

103 2077 228 2112 XCIV.

698 128 929 192 Catena
942 127 1231 195 Historica
1244 179 1258 193 .

269 225 471 289 institutus
485 263 494 272 .
533 225 643 274 Vnde
665 226 730 275 ille
740 226 860 274 nobile
863 227 944 294 post
963 229 1255 291 Monasterium

266 299 322 341 D.
337 293 546 342 Denediti‘o
558 297 601 341 in
611 314 698 362 agro
710 300 951 342 Mantuano
961 298 1062 343 inter
1075 296 1254 348 Padum,

264 362 324 424 ff
336 364 550 410 Larionem
562 366 744 411 extruxit
758 397 770 416 ‚
782 380 867 429 atq3
879 366 1014 430 opimis
1025 364 1158 413 multis
1164 366 1252 432 pos-

251 429 472 497 sefflonibus
482 430 692 494 honestauit
704 470 713 478 .
727 430 930 498 Profecflus
939 429 1032 478 inde
1045 437 1225 492 Romam
1240 465 1253 485 ‚

263 515 378 565 atque
391 497 443 545 ab
454 499 633 548 omnibus
647 533 660 552 ,
689 502 896 566 praeftrtim
906 497 934 545 a
947 502 1131 566 Ponttfice
1142 533 1156 553 ,
1192 499 1253 559 ᾤ·

257 582 370 634 parte
389 569 472 615 eius
494 570 644 633 ingenti
664 570 886 615 animorum
906 568 1118 616 alacritate
1153 588 1252 616 rece-

257 651 350 701 ptus
363 668 376 688 ,
387 634 445 682 ibi
457 668 470 688 ,
481 635 693 683 Lamberto
704 633 870 682 Auflore
882 668 896 688 ,
931 634 1148 683 ⁵Natalitia
1160 636 1252 683 cele-

264 703 399 750 brauit
410 740 420 749 .
459 707 589 751 Anno
600 701 806 770 sequenti,
817 704 893 769 qui
904 698 987 748 fuit
1001 702 1124 750 Salut.
1142 724 1166 759 9
1176 711 1197 749 8
1213 728 1226 754 1
1241 743 1249 751 .

263 771 501 838 Imperator
512 773 666 819 Sueviae
677 773 846 816 Ducem
861 768 1088 818 Othonem
1110 768 1252 818 fratris

263 836 324 885 sui
336 839 559 908 Luitulphi
569 838 704 886 filium
715 835 892 891 dimisit,
903 857 952 884 ex
967 856 1099 906 portu
1109 839 1251 889 Ostie-

262 904 295 953 fi
315 925 418 954 cum
438 908 599 977 aliquot
625 904 816 954 Nauibus
827 922 874 954 vt
901 905 1047 954 littora
1066 911 1251 955 circum-

261 977 342 1022 iret
356 1010 368 1030 ,
391 974 662 1044 exceptisque
687 972 875 1022 hostibus
895 974 1135 1043 exploraret
1169 975 1250 1024 ho-

261 1041 388 1090 stium
400 1047 506 1094 vires
521 1078 534 1098 ‚
545 1050 589 1089 &
601 1040 768 1090 confilia
782 1081 791 1090 .
828 1046 947 1090 Cum
963 1063 1034 1092 eos
1057 1063 1250 1112 magna...

261 1112 537 1160 multitudine
547 1110 784 1159 conuenisse
794 1109 901 1160 vidit
915 1145 929 1165 ‚
939 1119 983 1158 δε
994 1112 1046 1160 ad
1059 1131 1252 1181 pugnam

263 1198 429 1249 paratos
441 1179 626 1229 reuersus
636 1177 777 1234 suafit,
789 1197 836 1227 vt
846 1183 1089 1248 Imperator
1102 1181 1252 1230 vrbem

262 1249 448 1318 aliquam
468 1248 759 1318 occupandam
788 1249 1089 1318 aggrederetur
1101 1288 1110 1297 .
1149 1253 1252 1297 Pro-

263 1336 404 1388 pterea
414 1319 471 1367 ad
481 1316 616 1366 vrbem
628 1324 853 1365 Tarentum
856 1337 995 1384 ‚quam
1007 1321 1155 1366 Danai
1163 1321 1253 1366 iam

254 1387 420 1456 praestdio
429 1389 634 1434 munitam
651 1385 897 1435 obtinuerunt
900 1384 1124 1452 ,festinauit
1127 1406 1253 1441 ‚eam-

261 1477 334 1524 que
346 1455 520 1503 viriliter
530 1458 572 1502 in
579 1472 703 1521 paruo
724 1470 887 1521 tempore
907 1470 1175 1522 oppugnatam
1189 1454 1254 1503 de-

259 1527 357 1572 uicit
368 1525 388 1589 (
399 1543 449 1571 ex
460 1526 661 1570 Ditmaro
674 1524 692 1587 )
706 1527 939 1571 Sarracenos
949 1542 1095 1590 quoque
1098 1522 1254 1578 ,valido

259 1595 524 1656 exerci'tusua
541 1591 768 1660 populantes
779 1591 981 1658 ,superare
1003 1591 1255 1645 contendens,

258 1679 387 1710 cautos
398 1659 459 1707 ills}
472 1660 732 1730 speculatores
741 1661 844 1727 misst
857 1692 869 1712 ,
880 1661 950 1727 qui
960 1676 1065 1708 certa
1085 1659 1133 1708 de
1142 1660 1256 1725 hosti-

258 1796 499 1864 OTHO
555 1797 633 1863 ΙΙ.
675 1794 965 1863 VICTVS
1009 1797 1065 1863 A
1109 1796 1467 1875 GRAECIS‚
1513 1796 1825 1864 CAPTVS
1871 1802 1926 1865 A
1968 1799 2310 1879 PIRATIS‚

1301 128 1426 196 Lib.
1439 128 1581 194 XIII.
1600 130 1753 216 Cap.
1768 134 1833 196 11.
2104 158 2119 201 1
2136 142 2218 215 87

1315 229 1382 277 bus
1393 229 1562 296 referent
1574 269 1582 277 .
1622 230 1865 298 Qosprimo
1877 230 1990 297 infra
2011 234 2147 282 vrbem
2169 237 2305 302 quan-¹

1313 297 1411 344 dam
1423 297 1570 362 clausos
1580 298 1769 364 effugante
1783 298 1955 347 deuifflos
1968 307 2143 367 ,postque
2155 304 2307 368 eosdem

1312 367 1356 411 in
1368 381 1506 430 campo
1517 364 1715 412 ordinatos
1726 400 1740 419 ,
1748 364 1904 429 fortiter
1915 369 2167 417 innumeram
2179 391 2230 417 ex
2244 373 2308 421 his

1312 431 1612 479 multitudinem
1624 436 1769 479 strauit
1781 466 1795 485 ,
1802 434 2028 501 prorsusque
2049 436 2113 484 hos
2120 439 2309 505 sperauit

1312 500 1583 566 effefiiperatos
1598 538 1606 546 .
1646 500 1748 547 Inde
1761 503 1940 547 victoria
1951 502 2078 548 elatus
2091 522 2146 550 cae
2180 509 2212 551 it
2226 526 2306 574 op„

1313 570 1447 635 ptime
1458 566 1619 635 sperare
1629 567 1679 614 de
1690 585 1869 614 euentu:
1897 566 2119 616 frustratur
2138 524 2227 639 bibes
2244 591 2305 619 ta-

1312 654 1412 682 men
1430 670 1443 690 ,
1455 638 1555 702 quia
1579 640 1785 682 exercitus
1810 635 2056 684 insolentior
2077 634 2211 686 fastus
2225 640 2303 687 ho-

1311 703 1417 751 stem
1438 702 1697 772 contempsit
1710 739 1722 758 ‚
1746 710 1789 750 &
1801 704 2033 752 militarem
2061 704 2219 753 remisit
2241 709 2304 754 di-

1312 771 1535 840 sciplinam
1549 809 1558 818 .

1378 839 1461 887 Sub
1473 839 1555 887 hoc
1568 841 1699 887 Anno
1711 841 1900 908 diploma
1914 840 2102 889 Othonis
2124 844 2178 891 ΙΙ.
2216 846 2303 890 Im-

1312 908 1599 976 perat.datum
1615 907 1788 975 legimus
1800 910 1910 978 apud
1926 912 2182 975 Batonium(
2185 914 2303 979 quod

1311 996 1361 1023 ex
1374 981 1480 1024 MS.
1495 977 1656 1024 Codice
1670 976 1962 1047 transcripsisse
1973 978 2137 1045 afferre)
2151 985 2304 1027 Mona-

1311 1044 1435 1093 sterio
1447 1046 1705 1107 S.Vincentij
1717 1047 1770 1094 ad
1782 1043 1921 1094 fontes
1934 1048 2134 1095 Vvlturni
2150 1048 2303 1117 posito.

1311 1115 1492 1183 Incipit:
1535 1117 1584 1159 Si
1604 1114 1863 1182 Ecclcfiarum
1886 1120 1966 1163 Dei
2000 1137 2135 1164 curam
2169 1118 2306 1166 habere

1301 1183 1572 1246 studuerimus
1589 1216 1601 1235 ,
1631 1183 1878 1248 proculdubio
1904 1188 2117 1250 Imperium
2138 1186 2307 1248 nostrum

1299 1250 1444 1313 stabile
1453 1252 1525 1299 erit
1538 1284 1551 1304 ,
1566 1251 1718 1318 insuper
1731 1285 1743 1304 ,
1758 1252 1816 1312 (ᾤ’
1826 1254 1960 1300 vitam
1971 1271 2153 1301 aternam
2159 1273 2308 1321 prome-

1312 1322 1387 1365 reri
1399 1319 1590 1367 credimus
1606 1357 1615 1365 .
1634 1320 1683 1365 In
1696 1317 1827 1366 finem
1838 1337 1983 1367 autem
1996 1340 2006 1365 ε
2021 1326 2046 1365 l
2046 1342 2189 1370 oannes
2200 1329 2308 1370 Can-

1313 1386 1490 1437 cellarius
1502 1388 1559 1434 ad
1569 1393 1698 1435 vicem
1711 1392 1821 1436 Petri
1833 1391 2027 1454 Papienffv
2038 1392 2218 1457 Episcopi
2230 1398 2307 1436 Ar·-

1314 1455 1595 1523 chicancellarq'
1604 1451 2085 1525 recognmssffstibstripsi
2091 1497 2100 1505 .

1379 1529 1538 1573 Datum
1549 1527 1598 1572 V.
1613 1523 1710 1573 Idus
1720 1533 1786 1572 Au
1784 1546 1824 1591 g.
1840 1532 1955 1572 Anno
1966 1529 2130 1574 Domin.
2148 1532 2170 1573 I
2172 1547 2305 1576 ncarn.

1316 1611 1340 1648 9
1350 1599 1370 1638 8
1385 1616 1400 1644 1
1414 1595 1555 1662 ‚Regni
1566 1595 1730 1641 Domini
1741 1594 1903 1642 Othonis
1913 1595 2084 1645 Secundi
2094 1601 2210 1644 XXI.
2225 1601 2309 1643 lm-

1304 1670 1399 1730 perq'
1408 1681 1496 1709 vero
1506 1663 1630 1708 Vlll.
1657 1660 1811 1709 Indic‘t.
1826 1666 1901 1709 IX.

777 1882 1018 1955 Qomodo
1053 1880 1293 1954 aufugerit?
1364 1885 1454 1935 Sal.
1502 1892 1620 1936 Anno
1668 1891 1776 1941 982..

327 2005 330 2006 ’
388 2003 477 2050 Vm
489 2003 629 2050 maior
640 2000 831 2071 Apuliae,
867 2010 912 2049 δε
934 2002 1136 2053 Calabriae
1155 2022 1252 2075 pars

259 2007 387 2140 C
421 2076 671 2120 Graecorum
685 2087 899 2119 teneretur
909 2069 1126 2141 praefidijs,
1162 2077 1251 2142 pri-

258 2161 336 2189 mo
349 2159 442 2189 vere
457 2174 470 2195 ‚
480 2158 527 2190 vt
541 2139 639 2187 inde
651 2135 955 2209 pelleret‚s1gna
965 2157 1136 2189 mouet.
1163 2146 1254 2190 Ro-

259 2208 519 2257 bustiffimus
555 2225 643 2255 erat
679 2211 884 2256 exercitus
906 2212 1228 2258 Germanorum
1241 2244 1255 2264 ,

1303 2008 1506 2056 conuiuio
1517 2005 1568 2055 ab
1579 2005 1757 2056 Othone
1779 2023 1976 2076 patratae.
2016 2012 2224 2074 Romani,
2246 2009 2307 2071 (ᾤ’

1309 2080 1582 2125 Beneuentani
1601 2086 1614 2134 (
1624 2079 1682 2122 ait
1699 2077 1925 2144 Sigonius)
1941 2077 2012 2125 vbi
2023 2096 2224 2126 certamen
2260 2078 2306 2126 dc

1298 2146 1473 2212 summa
1484 2165 1613 2193 rerum
1623 2146 1831 2193 imminere
1841 2144 2031 2194 viderunt
2044 2181 2056 2201 ,
2078 2150 2226 2194 §latim
2238 2146 2306 2196 ho-

1308 2216 1430 2261 minis
1441 2211 1682 2260 crudelitatis
1700 2231 1884 2260 memores
1900 2211 1928 2260 d
1943 2217 2062 2280 fignis
2073 2213 2307 2280 reccffirunt‚

259 2276 478 2325 Gallorum
492 2311 506 2330 ,
518 2275 869 2325 Lombardorurn
881 2311 896 2331 ‚
919 2284 963 2323 &
975 2277 1158 2325 aliorum
1171 2282 1254 2326 Ita-
1308 2279 1426 2348 atque
1438 2280 1633 2329 Othonem
1653 2280 1792 2329 valido
1797 2281 1963 2348 praefidio
1977 2317 1990 2336 ,
2002 2303 2068 2331 nec
2078 2287 2307 2351 opinantem

261 2345 324 2393 liae
336 2344 601 2414 Populorum
613 2344 839 2393 instructus
856 2345 1106 2394 cohortibus
1119 2385 1129 2393 .
1167 2350 1254 2394 Pri-

261 2433 334 2461 ma
369 2413 426 2461 ad
461 2420 731 2462 fBeneuentum
751 2416 912 2462 statiua
934 2417 1038 2481 caepit
1074 2424 1085 2471 (
1110 2412 1254 2462 scribit

103 2468 227 2500 Saxon.
262 2483 302 2530 K
430 2485 437 2492 ·
612 2481 626 2498 x
704 2481 715 2495 x
1133 2486 1139 2493 .

30 2545 31 2548 Ἰ
104 2518 246 2552 404„
305 2492 512 2539 rantzius)
533 2483 626 2549 Qo
639 2502 764 2550 quum
775 2487 1046 2541 Romanorum
1057 2500 1253 2550 copiaepcr-

260 2549 595 2615 uenffnc,datas
607 2570 749 2618 quoque
772 2549 800 2597 d
822 2554 1112 2600 sseneuentanis
1126 2586 1138 2605 ,
1175 2558 1255 2599 Ca-

251 2621 402 2687 puanis
415 2653 427 2673 ,
438 2619 718 2687 ⁶Neapolitanis
729 2636 886 2668 turmas
898 2653 911 2673 ,
921 2623 965 2667 in
985 2618 1158 2668 ordinem
1162 2638 1255 2686 prae-

257 2690 371 2736 mitti
383 2690 538 2735 curauit
556 2690 756 2755 regionum
771 2706 918 2755 gnaros
931 2726 940 2734 .
980 2693 1022 2735 F
1023 2687 1114 2736 atto
1130 2688 1255 2756 postca

255 2759 413 2823 agmiue
429 2754 626 2823 profit-lus
639 2790 652 2810 ,
663 2776 736 2804 non
743 2759 853 2824 prius
864 2756 1058 2823 quadrato
1081 2760 1254 2804 exercitu

256 2826 360 2892 capit
371 2823 543 2873 incedere
556 2859 570 2879 ‚
605 2824 729 2892 quam
750 2825 948 2892 Apuliam
970 2824 1020 2888 est
1040 2826 1250 2893 ingressus.

257 2891 379 2960 Apud
389 2892 659 2955 Dalii-mellum
671 2898 866 2942 exercitus
888 2893 1036 2957 hostiles
1054 2896 1091 2958 s
1079 2911 1151 2941 unt
1187 2893 1252 2942 ob-

256 2965 371 3008 uiam
378 2955 494 3029 fafli
507 3000 516 3009 .
555 2967 581 3008 I
583 2961 622 3009 bi
631 2961 814 3025 instituta
821 2980 954 3029 pugna
958 2995 972 3014 ,
982 2965 1107 3010 Graeci
1119 2967 1251 3028 Impe-

256 3046 395 3078 ratores
418 3036 652 3080 Sarracenos
671 3029 812 3079 multos
835 3028 995 3079 habuere
1024 3030 1250 3079 conduZlos:

1309 2351 1527 2398 nudarunt.
1537 2351 1710 2396 Horum
1723 2348 1822 2417 iuga
1835 2347 2058 2418 conspecta
2073 2356 2154 2416 (ita
2164 2352 2305 2421 prose-

1310 2419 1459 2484 quitur
1473 2418 1722 2475 Krantzius)
1759 2435 1967 2465 caeterorum
1987 2419 2107 2486 fregit
2129 2425 2280 2469 animos
2292 2459 2301 2467 .

1309 2491 1340 2531 S
1341 2487 1522 2533 arraceni
1533 2523 1547 2542 ,
1582 2489 1782 2552 Graecique
1799 2490 2001 2551 grauiores
2013 2488 2104 2536 inde
2124 2492 2304 2536 incubue-

1308 2570 1401 2600 runt
1414 2586 1426 2606 ,
1437 2552 1659 2622 donecfusse
1670 2554 2025 2622 diffipataequefiint
2034 2578 2163 2605 omnes
2173 2561 2305 2625 Impe-

1307 2624 1443 2670 ratoris
1455 2621 1619 2671 Othonis
1641 2626 1746 2689 copiae
1761 2662 1769 2670 .
1808 2622 1899 2688 ,Qio
1909 2627 1953 2670 in
1960 2625 2085 2691 praelio
2105 2628 2229 2693 occisis
2233 2643 2301 2693 pe-

1308 2689 1356 2736 ne
1367 2689 1423 2738 ad
1433 2693 1726 2738 internecionem
1745 2691 1954 2758 legionibus
1965 2727 1980 2746 ‚
2093 2700 2301 2758 Qmanus

1307 2762 1522 2826 Imperator
1536 2794 1547 2813 ,
1560 2759 1620 2820 Θ*
1632 2761 1759 2808 omnis
1770 2765 1794 2805 I
1794 2758 1899 2807 talia
1915 2781 2047 2809 neruos
2059 2764 2121 2809 ita
2141 2765 2277 2827 amisit
2288 2797 2302 2816 ,

1306 2844 1355 2873 vt
1361 2826 1495 2894 facile
1510 2832 1550 2874 G
1554 2831 1654 2876 racis
1658 2827 1730 2889 ,ᾤ’
1742 2827 1923 2877 barbaris
1924 2828 2059 2896 fuerit
2062 2864 2074 2883 ,
2082 2833 2117 2896 fi
2125 2831 2301 2880 vifforia

1305 2899 1371 2942 vti
1383 2897 1723 2960 sciuiſjent,Qma
1733 2901 1914 2965 omnique
1926 2901 1950 2942 I
1951 2897 2056 2945 talia
2063 2902 2181 2965 potiri
2185 2937 2193 2946 .
2206 2905 2302 2948 Haec

1304 2964 1356 3027 cst
1368 2959 1436 3011 illa
1447 2964 1608 3013 colluuio
1620 2966 1920 3031 moliffimarum
1925 2970 2105 3033 gentium
2120 3006 2128 3014 .
2146 2967 2306 3035 „Quodsi

1305 3032 1413 3099 longi
1430 3032 1678 3100 paucioribus
1700 3054 1754 3081 ex
1777 3038 2007 3082 Germania
2027 3045 2138 3103 copijs
2163 3036 2301 3104 fretus

2338 884 2462 920 XCIII.

2329 2671 2438 2705 XCV.

255 3098 316 3158 ff
327 3096 447 3165 quum
453 3116 586 3165 pugna
599 3099 806 3165 conseretur
821 3133 833 3152 ‚
840 3101 963 3165 primi
974 3101 1152 3159 Romani
1164 3133 1176 3151 ,
1189 3099 1250 3160 &J
1293 3100 1443 3169 fuisset
1454 3106 1689 3169 Imperator,
1701 3123 1775 3150 non
1786 3102 1851 3150 hoc
1860 3105 2010 3170 imperzj
2021 3103 2300 3153 detrimentum

256 3165 395 3215 deinde
408 3169 682 3216 sseneuentani
679 3169 797 3235 signa
809 3168 1001 3233 deseruere
1017 3199 1029 3217 ,
1064 3165 1177 3213 nulla
1201 3170 1250 3215 vi
1305 3190 1394 3218 cum
1403 3169 1579 3219 dedecore
1601 3173 1840 3237 incurrisset:
1875 3170 2149 3220 indubitatam
2172 3173 2299 3221 vibio-

257 3232 400 3295 hostiles
420 3234 552 3284 vultus
560 3233 663 3302 ferre
672 3253 839 3303 potentes
855 3270 868 3289 ‚
879 3243 914 3282 Ο
927 3234 1121 3282 viuidam
1131 3234 1251 3283 illam
1303 3241 1407 3286 riam
1424 3275 1437 3294 ‚
1448 3256 1495 3286 vt
1503 3240 1652 3303 semper
1663 3238 1772 3287 alitis
1782 3243 1948 3287 maiores
1954 3240 2020 3303 fiii
2023 3274 2035 3293 ‚
2049 3243 2169 3308 ipfi’q5
2181 3259 2297 3307 repor-

257 3301 455 3367 quondam
459 3305 674 3371 priscorum
694 3309 962 3366 Qmanorum
983 3305 1173 3351 virtutem
1190 3322 1198 3348 :
1213 3312 1248 3350 O
1301 3307 1411 3371 taffit
1426 3345 1435 3353 .
1474 3300 1686 3355 Emolliuit
1696 3312 1783 3355 iam
1796 3308 1920 3355 Italos
1941 3302 2149 3355 clementia
2171 3307 2270 3353 Coeli
2281 3340 2296 3360 ,

259 3389 394 3417 nomen
394 3371 610 3437 speciosum
620 3374 663 3418 in
673 3376 821 3420 vmbra
834 3394 845 3429 ς
864 3370 989 3418 Italos
1012 3388 1158 3417 autem
1178 3390 1250 3418 ex-
1297 3373 1496 3442 postquam
1508 3373 1575 3423 ille
1599 3375 1650 3422 ab
1671 3375 1751 3423 alto
1769 3379 1992 3442 prominens
2024 3375 2142 3439 fauor
2162 3376 2295 3420 numi-

96 3441 239 3517 }ibo-de
259 3435 398 3483 cusare
412 3434 590 3485 conatur
602 3442 797 3506 Sigonius
810 3474 824 3494 ,
838 3458 991 3488 eorum
1011 3442 1249 3508 ignauiam„
1300 3441 1630 3507 numficbtrac‘ius
1641 3443 1809 3510 absceffit
1822 3482 1831 3490 .
1870 3445 1967 3492 Otho
1989 3438 2202 3507 Imperator
2213 3440 2293 3508 fh-

125 3487 239 3526 ‘gn'h'
259 3506 573 3574 pannicumque
593 3523 799 3556 terrorem
811 3508 864 3556 ad
886 3507 1037 3556 dolum
1059 3524 1225 3556 vertens
1239 3542 1252 3562 .-
1292 3513 1421 3576 giens‚
1432 3530 1556 3577 quum
1569 3510 1718 3578 repente
1730 3511 1787 3558 ad
1798 3512 1910 3558 littus
1907 3509 2062 3575 scapha
2073 3570 2078 3573 μ
2079 3510 2119 3572 fh
2132 3514 2293 3557 commi-

257 3580 301 3620 &
314 3572 546 3622 vindiCtam
556 3574 847 3624 crudeliffimae
858 3576 968 3624 cedis
980 3580 1024 3624 in
1045 3579 1251 3625 Romano
1287 3578 1391 3645 stffi’c
1411 3615 1425 3635 ‚
1447 3577 1476 3625 a
1489 3581 1635 3647 piratis
1658 3581 1745 3646 quis
1765 3583 1854 3644 esset
1882 3576 2150 3642 ignorantibus
2173 3579 2293 3640 inter-

1793 3647 1833 3690 A
1845 3661 1867 3688 a
1937 3665 1963 3692 2
2103 3662 2230 3712 ceptus

2328 3507 2451 3542 XCV1.
