2561 4122
649 149 880 212 Catena
896 146 1210 212 Historica.
1253 148 1378 212 Lib.
1393 146 1509 211 XII.
1543 149 1774 232 Cap.II.
2057 167 2164 237 145

227 1695 433 1727 venerunt
444 1678 857 1747 dominiApostolici
872 1714 886 1733 ,
907 1686 951 1726 &
971 1678 1210 1729 Vniuersalis

225 1750 277 1795 Pa
312 1766 343 1793 ae
353 1749 520 1796 Ioannis
534 1750 672 1811 nuntij
684 1765 784 1794 cum
795 1747 963 1802 litteri5‚
973 1748 1126 1816 quibus
1138 1766 1211 1795 ro-

224 1767 380 1885 gagant
391 1815 660 1884 ⁵Nicephorum
671 1819 951 1883 Imperatorem
971 1821 1190 1865 Graecorum
1202 1850 1216 1870 ,

224 1902 273 1932 vt
281 1885 531 1951 parentelam
542 1918 556 1938 ,
580 1887 792 1952 firmamq;
815 1888 1045 1932 amicitiam
1058 1885 1217 1954 faceret

224 1973 312 2000 cum
331 1952 470 2001 dileblo
477 1952 759 2019 spiritualique
768 1952 857 2021 filio
866 1954 944 2019 suo
970 1954 1116 2003 Othone
1131 1960 1213 2018 Ro-

222 2041 433 2069 manorum
444 2025 675 2088 Imperatore
687 2027 791 2086 Aug.
808 2027 917 2089 Qae
927 2041 1028 2076 vox,
1041 2041 1135 2090 quae
1148 2027 1212 2070 in-

224 2088 403 2158 scriptio
424 2087 656 2137 fecundum
665 2092 833 2137 Graecos
849 2093 1060 2158 peccatrix
1073 2125 1086 2144 ,
1098 2098 1141 2137 &
1155 2108 1213 2137 te-

223 2160 401 2206 meraria
415 2192 427 2211 ,
439 2156 666 2225 quomodo
676 2156 857 2205 latorem
875 2176 965 2207 non
986 2159 1189 2206 occiderit
1200 2181 1212 2216 ‚-

224 2244 302 2273 cur
315 2225 588 2294 ,priusquam
609 2225 857 2273 laederentur
870 2261 884 2282 ,
906 2244 993 2275 non
1005 2225 1212 2302 oppresse-

225 2297 311 2348 rit,
343 2296 475 2362 quiin
486 2293 571 2357 alijs
593 2292 714 2340 rebus
736 2291 839 2362 saepe
852 2295 999 2344 videor
1019 2295 1212 2364 spermo-

225 2361 344 2431 logus
354 2397 370 2417 ,
382 2368 425 2407 &
437 2359 686 2409 multisonus
702 2396 714 2416 ,
725 2363 771 2408 in
781 2361 860 2409 hac
873 2397 887 2417 ,
898 2380 945 2412 vt
967 2363 1090 2432 piscis
1104 2398 1118 2419 ,
1154 2368 1214 2413 vi-

226 2430 331 2479 deor
343 2429 514 2477 insonus
528 2469 536 2477 .
574 2428 874 2498 Obiurgabant
886 2434 1024 2480 Graeci
1037 2449 1189 2481 mare)
1202 2468 1214 2488 ‚

227 2497 568 2567 imprecabantur
590 2501 752 2566 aequori
765 2533 778 2552 ,
814 2499 907 2569 plus
929 2498 1037 2549 iusto
1058 2502 1215 2548 miran-

228 2584 287 2614 tes
302 2601 315 2620 ‚
350 2584 425 2613 cur
445 2583 670 2635 peccatum
690 2566 790 2614 illud
811 2585 979 2636 portare
992 2571 1182 2637 potuerit
1203 2604 1216 2624 ,

228 2652 305 2682 cur
317 2631 432 2682 fretu
444 2633 657 2682 dehiscens
669 2637 816 2682 nauim
827 2653 915 2685 non
932 2636 1190 2686 absorbuerit
1205 2657 1214 2682 ε

295 2708 569 2770 Imperatorem
582 2737 596 2756 ‚
607 2705 810 2770 inquiunt
822 2738 836 2758 ,
847 2706 1119 2771 vniuetsalem
1133 2711 1215 2769 Ro-

228 2790 438 2819 manorum
452 2804 465 2824 ,
477 2771 696 2836 Augustum
708 2806 721 2825 ,
732 2791 927 2839 magnum
939 2773 1086 2840 ,filum
1098 2777 1218 2822 Nice-

224 2841 385 2908 phorum
391 2840 577 2907 firipfiffi’
595 2843 813 2888 Graecorum
835 2842 1030 2890 hominem
1046 2843 1219 2910 quemdd

230 2907 444 2956 barbarum
460 2942 472 2960 ,
479 2925 690 2975 pauperem
700 2914 968 2973 Romanorum
980 2932 1053 2959 non
1067 2914 1194 2978 piguit
1207 2949 1216 2958 .

230 2986 264 3024 Ο
278 2975 460 3029 coelum,o
475 2994 595 3029 terra,
607 2976 626 3022 ὁ
638 2995 747 3025 mare
760 2981 768 3016 ἔ
807 2978 887 3025 Sed
897 2978 1008 3045 quid,
1019 2982 1218 3046 inquiunt,

219 3044 427 3112 faciemus
441 3043 661 3094 hominibus
668 3044 751 3108 istis
750 3044 953 3110 sceleratis
957 3081 970 3100 ,
982 3049 1187 3114 criminosis
1199 3055 1220 3094 Β

230 3119 419 3180 Pauperes
428 3113 529 3180 sunt
541 3147 553 3166 ,
566 3112 628 3173 Θ·
634 3115 668 3178 [ι’
673 3135 730 3161 eos
739 3112 950 3161 occidimus
963 3148 976 3167 ‚
991 3134 1138 3163 manus
1153 3137 1220 3162 no-

222 3179 521 3247 strassanguine
534 3181 613 3228 vili
619 3181 831 3248 polluimus
842 3203 855 3238 3
864 3183 1220 3249 pannofifiintstr-

233 3251 293 3300 ui,
303 3249 555 3316 rusticifimt,
563 3252 595 3314 fi
603 3249 935 3317 emflagdlamm,
949 3271 1021 3297 non
1034 3252 1145 3317 ipsos,
1144 3250 1223 3316 fi‘d

234 3335 297 3363 nos
306 3315 578 3366 dedecoramus
591 3352 604 3370 ,
615 3320 686 3384 qui
696 3339 762 3366 nec
786 3323 975 3380 Qmana
984 3318 1141 3384 sintita
1154 3318 1221 3365 dc-

234 3402 381 3430 aurata
392 3418 405 3437 ,
415 3406 478 3433 nec
491 3385 716 3449 huiusmodi
725 3387 824 3452 fient
846 3390 1018 3435 crucibus
1036 3386 1149 3453 digni
1163 3424 1171 3433 .
1186 3395 1221 3433 O

234 3455 399 3498 vtinam
418 3452 514 3500 alter
533 3448 742 3520 Episcopus
757 3489 769 3507 ‚
790 3454 887 3502 alter
909 3454 1100 3503 Marchio
1110 3458 1198 3520 csset
1209 3489 1223 3508 ,

236 3519 352 3567 culeis
373 3522 478 3565 enim
488 3522 578 3586 suti
591 3526 680 3588 pos'l
701 3521 851 3571 acerbos
874 3526 1082 3588 virgarum
1093 3521 1198 3570 istus
1210 3556 1222 3575 ,

232 3587 310 3655 pest
323 3585 441 3633 barbe
458 3621 469 3640 ,
479 3588 552 3653 seu
573 3588 799 3655 capillorum
824 3590 1118 3652 destraffionem
1131 3626 1144 3646 ,
1179 3593 1222 3638 in

81 220 179 290 fain
228 266 411 315 gnarum
422 282 436 301 ,
447 264 535 294 non
547 244 851 315 permittebant
863 246 1005 313 egredi
1018 281 1032 300 ,
1043 245 1209 293 saltem„
1264 263 1373 294 mare
1385 244 1677 310 demerguntur.
1715 247 1796 293 Sed
1797 249 2024 312 seruentur,
2035 252 2256 318 inquiunt,

80 301 150 336 ⁹⁶8⁶
228 333 274 364 vt
286 315 476 383 sumptus
489 330 648 365 emeret
660 348 674 368 ,
687 313 756 361 sed
768 332 923 360 cocum
944 313 1079 362 solum
1093 317 1208 360 Grae-
1263 312 1323 372 (eff
1334 311 1527 377 quouffiue
1536 313 1806 377 sanfliffimtis
1821 319 2032 381 Imperator
2052 325 2251 382 Qmano-

226 402 283 429 cae
303 385 452 451 lingua:
475 386 672 450 ignarum
689 417 702 436 ,
736 383 810 449 qui
823 399 910 428 non
923 380 1144 448 signorum
1156 377 1207 429 si-
1261 400 1349 429 rum
1361 379 1598 445 ‘Nicephorus
1608 379 1679 429 lyaec
1694 385 1856 446 reciscat
1867 383 1998 437 mala,
2004 389 2124 450 graui
2135 388 2250 450 custo—

226 454 319 517 gnis
335 485 346 503 ‚
358 451 426 499 led
436 451 675 518 digitorum
686 449 754 496 seu
765 453 912 516 capitis
925 448 1094 497 nutibus
1106 465 1206 495 cum
1260 447 1332 495 dia
1361 465 1602 494 macerentur
1615 485 1624 495 .

224 504 440 567 ‘venditore
451 536 623 586 emptor
633 517 900 585 loquebatur,
912 519 1068 583 tantiq3
1079 534 1206 562 num-
1324 518 1445 560 Dum
1471 513 1557 560 haec
1568 514 1832 566 resciscerem
1846 549 1859 569 ,
1870 513 2005 564 felices
2026 538 2094 565 eos
2111 554 2123 572 ,
2136 541 2244 588 quo-
2269 526 2383 572 Legati,

224 591 304 633 mis
326 587 490 634 emebat
512 603 698 654 quatuor
720 619 734 639 ‚
770 588 921 654 quanti
940 584 1206 634 Gtaecolonus
1261 585 1375 629 niam
1388 601 1588 651 pauperes
1603 581 2054 652 ‚meinfelicem,quia
2066 587 2245 636 diuitem
2266 566 2413 640 “2522

223 654 450 706 obsonium
473 673 560 702 vno
574 690 584 700 .
789 656 791 658 ’
1262 651 1446 698 indicaui
1463 689 1471 698 .
1510 657 1627 698 Cum
1639 651 1758 698 domi
1769 650 2003 706 effem,mea
2015 673 2083 701 me
2095 655 2247 703 volun-
2268 647 2409 725 {223⁶sp

290 727 342 770 Et
355 741 454 769 cum
465 725 706 769 amicorum
718 721 896 788 quidam
907 739 1096 770 aromata
1110 755 1122 774 ,
1135 739 1206 789 pa-
1262 735 1320 766 tas
1342 737 1575 787 pauperem
1594 719 1837 767 excusabat:
1875 721 2248 790 Constantinopoli
2329 715 2337 725 ⁸

225 788 932 859 nes,vinum,pomamitteret,solo
946 793 1099 842 cunc‘ta
1110 786 1207 836 fun-
1262 805 1363 836 vero
1385 784 1543 855 positus
1558 821 1572 841 ‚
1593 785 1730 834 Croesi
1751 807 1822 834 me
1844 787 1992 836 habere
2016 791 2181 838 diuitias
2198 795 2249 837 ti-

224 859 557 911 dentes‚nuntios
571 855 756 926 colaphis
768 855 861 902 satis
873 875 1069 906 oneratos
1082 857 1208 904 dimi-
1259 873 1359 903 mor
1378 853 1463 924 ipse
1483 854 1647 902 dicebat
1661 893 1670 903 .
1708 860 1880 925 Semper
1907 856 2014 903 mihi
2036 862 2250 927 pauperies

223 926 363 974 serunt
379 965 388 974 .
401 931 454 975 Et
470 924 547 974 nifi
558 927 700 974 diuina
715 927 843 992 pietas
866 923 1090 993 paraffetin
1102 943 1207 973 con-
1260 926 1399 992 grauis
1416 939 1517 972 tunc
1529 923 1613 973 visa
1624 922 1682 969 est
1695 924 1794 973 leuis
1808 958 1822 978 ,
1859 941 1961 977 tunc
1982 944 2150 995 accepta
2160 945 2249 974 am-

224 992 248 1040 s
244 998 368 1063 pestu
380 1014 476 1043 meo
488 993 678 1041 mensam
689 991 884 1042 aduersus
896 1013 966 1042 eos
987 997 1063 1061 qui
1077 991 1209 1041 tribu-
1261 992 1478 1062 pled'oenda
1493 1031 1501 1039 .
1539 991 1845 1062 Amplestenda
1858 996 2005 1062 vtique
2020 1029 2033 1049 ,
2045 1013 2139 1063 quae
2155 994 2249 1044 suos

223 1062 309 1110 lant
321 1082 389 1110 me
402 1098 415 1117 ,
450 1081 532 1111 vna
551 1061 660 1109 mihi
682 1077 828 1130 parata
839 1081 956 1110 mors
968 1058 1080 1110 foret
1092 1080 1186 1108 acce
1261 1063 1444 1130 perimi,
1455 1058 1661 1109 subiecfitos
1672 1059 1746 1108 fibi
1758 1060 1950 1129 flagellari
1973 1080 2059 1111 non
2073 1066 2247 1131 patitur.

222 1147 296 1199 pta
311 1143 327 1179 .’
357 1131 432 1180 Sed
447 1134 520 1200 qui
542 1128 733 1199 permifit
758 1134 936 1185 tentari,
971 1131 1086 1180 dedit
1107 1147 1208 1177 tunc
1259 1135 1313 1178 Et
1324 1132 1424 1198 quia
1435 1128 1521 1177 haec
1544 1146 1767 1198 paupertas
1789 1129 2162 1200 Constantinopoli
2182 1132 2250 1179 [ο-

221 1199 548 1249 misericorditer
570 1201 679 1268 pati.
717 1197 1022 1248 Huiuscemodi
1044 1218 1113 1248 me
1135 1217 1207 1268 pe-
1261 1199 1353 1247 lum
1363 1197 1526 1246 suosita
1545 1195 1757 1253 defendit,
1774 1199 1923 1248 eodem
1946 1197 1997 1246 fit
2018 1198 2250 1248 solummo-

222 1268 406 1315 riculum
419 1266 599 1316 secundo
612 1271 843 1315 Nonarum
863 1269 970 1332 Iunij
985 1303 999 1322 ,
1016 1266 1145 1337 vsque
1155 1267 1209 1317 ad
1260 1269 1318 1317 do
1338 1267 1569 1337 diligenda.

220 1335 386 1384 sextum
398 1340 545 1385 Nonas
566 1334 798 1389 Octobris,
833 1335 1209 1408 Constantinopoli
1327 1339 1466 1405 Igitur
1487 1334 1740 1406 ApostolicIs
1764 1338 1921 1400 nuntijs
1935 1339 1978 1384 in
2016 1355 2251 1386 carcerem„

221 1404 364 1453 diebus
384 1404 536 1453 scilicet
549 1421 724 1452 centurn
745 1406 899 1473 viginti
919 1408 1174 1453 macerauit-
1262 1406 1427 1455 traditis
1441 1439 1455 1460 ,
1490 1404 1709 1476 publicana
1721 1404 1785 1452 illa
1805 1404 1978 1474 epistola
2002 1408 2110 1453 Nice
2143 1405 2252 1454 horo

0 1479 4 1524 ζ
38 1529 39 1533 ¹
72 1503 168 1535 Gru,-
185 1502 208 1534 n·
290 1475 454 1521 Verum
465 1489 511 1523 vt
522 1490 776 1541 augerentur
804 1473 1060 1521 calamitates
1081 1492 1185 1521 meae
1196 1506 1210 1527 ,
1262 1476 1306 1521 in
1319 1473 1683 1542 Mesopotamiam
1694 1475 1911 1528 mittitur,
1937 1473 2047 1524 vnde
2059 1425 2189 1542 vigue
2201 1474 2253 1522 ad

0 1568 4 1576 ·
38 1538 39 1541 ’
71 1544 208 1576 mutim
226 1544 271 1588 in
283 1539 577 1610 Assumptione
598 1544 755 1589 Sanstae
778 1543 859 1589 Dei
878 1545 1104 1593 Genitricis
1117 1577 1131 1597 ,
1167 1548 1211 1588 &
1263 1545 1466 1612 quintum
1478 1542 1573 1605 Idus
1585 1541 1839 1612 Septembris
1864 1560 1954 1590 non
1975 1541 2034 1590 est
2044 1542 2255 1596 reuersus,

69 1596 201 1712 ἳξῖνῖιῖ
228 1611 417 1678 Virginis
453 1612 664 1660 MARIAE
698 1629 797 1658 meo
818 1614 963 1660 omine
984 1630 1074 1660 non
1094 1611 1211 1659 bono
1263 1616 1337 1681 qui
1348 1609 1511 1659 afferret
1524 1611 1842 1680 apologeticum
1854 1613 2080 1660 nuntium.
2118 1616 2253 1680 Qad,

75 1679 92 1700 0
115 1679 189 1704 (nl.

1261 1682 1328 1729 die
1338 1698 1438 1727 cum
1450 1680 1622 1734 rediret,
1633 1687 1678 1728 δε
1688 1700 1760 1728 me
1774 1681 1936 1735 lateret,
1981 1678 2044 1730 0st
2055 1678 2254 1736 biduum,

1261 1748 1587 1797 decimooCtauo
1622 1748 1776 1798 scilicet
1796 1749 1930 1798 Kalen
1960 1768 2001 1798 as
2023 1747 2256 1804 Ostobris,

1262 1815 1452 1886 precibus
1468 1851 1482 1870 ,
1493 1817 1784 1887 muneribusq;
1795 1816 1913 1866 effeci
1928 1852 1942 1872 ,
1955 1834 2002 1867 vt
2015 1816 2255 1873 viuificum‚

1261 1903 1388 1954 atque
1417 1883 1679 1935 salutiferum
1701 1887 1924 1934 adorarem
1945 1886 2112 1954 lignum
2133 1907 2147 1933 .·
2181 1886 2254 1936 vbi

1263 1971 1385 2003 tanto
1406 1957 1451 2002 in
1487 1954 1674 2002 tumultu
1694 1954 1845 2023 populi
1867 1955 1978 2002 clam
2014 1953 2252 2003 custodibus

1263 2023 1440 2092 quidam
1450 2042 1521 2071 me
1540 2023 1733 2071 adierunt
1746 2056 1760 2076 ,
1796 2024 1870 2091 qui
1881 2038 2075 2069 mentem
2086 2040 2250 2070 meam,

1262 2091 1503 2160 lugubrem,
1514 2088 1684 2141 furtiuis
1696 2088 1957 2140 sermonibus
1969 2088 2143 2140 hilarem
2154 2091 2250 2140 red-

1262 2161 1459 2209 diderunt
1479 2198 1487 2207 .

1329 2230 1674 2296 Decimoquinto
1695 2244 1839 2274 autem
1875 2227 2078 2275 Kalendas
2114 2230 2252 2277 Oeno,

1263 2295 1346 2344 bris
1361 2299 1727 2364 ,mortisvitaeque
1748 2295 1938 2349 medius,
1973 2296 2023 2343 ad
2045 2295 2252 2364 palatium

1262 2363 1357 2411 sum
1368 2382 1653 2412 conuocatus.
1693 2370 1857 2433 Cumq‚·
1878 2364 1930 2411 ad
1949 2362 2251 2432 Christophori

1265 2435 1428 2496 Patricij
1440 2431 1633 2480 Eunuchi
1645 2430 1910 2501 praelentiam
1932 2435 2120 2482 venirem
2132 2467 2147 2487 ,
2182 2432 2251 2481 be-

1266 2504 1308 2548 ni
1343 2520 1393 2548 ne
1406 2520 1475 2547 me
1486 2499 1708 2569 suscipiens
1720 2534 1734 2554 ,
1754 2499 1863 2548 mihi
1889 2519 1990 2547 cum
2013 2499 2144 2547 tribus
2165 2500 2250 2564 alijs

1265 2520 1480 2616 assssirrexit
1491 2591 1503 2627 ς
1543 2587 1732 2638 quorum
1752 2567 1995 2617 huiusmodi
2007 2565 2090 2617 suit
2111 2586 2250 2619 narra-

1268 2640 1393 2685 tionis
1407 2640 1580 2685 initium
1597 2676 1605 2685 .

1333 2706 1548 2770 ostendunt
1558 2706 1684 2773 pallor
1705 2708 1748 2753 in
1767 2727 1825 2754 ore
1834 2705 1975 2773 fidens
1989 2740 2003 2761 ,
2036 2708 2184 2754 macies
2205 2708 2250 2753 in

1266 2792 1403 2841 corpore
1416 2792 1506 2828 toto,
1517 2777 1700 2822 crinitum
1713 2792 1829 2841 caput
1840 2775 2015 2842 ,prolixa
2027 2792 2159 2823 contra
2170 2795 2252 2822 mo-

1267 2862 1348 2890 rem
1362 2842 1480 2891 barba
1485 2877 1498 2896 ,
1509 2843 1751 2907 immenfirm
1764 2842 1867 2890 cordi
1878 2860 1939 2891 tuo
1949 2847 2063 2910 imsse
2073 2842 2253 2896 dolorem,

1266 2933 1304 2959 eo
1316 2909 1414 2979 quod
1437 2911 1622 2959 redeundi
1641 2909 1698 2957 ad
1708 2910 1913 2958 dominum
1934 2928 2048 2958 tuum
2066 2914 2254 2959 terminus

1267 2979 1317 3043 est
1329 2979 1522 3027 dilatatus
1544 3017 1552 3025 .
1590 2981 1734 3027 Verum
1745 2979 1933 3044 nesamf‘t'o
1945 2981 2254 3045 Imperatorime-

1267 3069 1317 3096 ve
1329 3048 1675 3112 rzobissuccenseas
1687 3079 1700 3099 ,
1721 3066 1897 3094 oramus.
1934 3047 2159 3109 Qddimus
2178 3066 2255 3094 au-

1267 3134 1346 3163 tem
1368 3115 1578 3163 tarditatis
1597 3133 1669 3162 tuae
1691 3116 1856 3180 cauſsam
1869 3152 1879 3161 .
1917 3122 2030 3183 Papa
2045 3121 2256 3179 Rrgmanus

1270 3184 1290 3247 (
1295 3186 1331 3250 fi
1339 3201 1475 3232 tamen
1488 3189 1601 3250 Papa
1617 3183 1667 3249 est
1677 3183 1879 3230 vocandus
1892 3216 1905 3235 ,
1931 3187 2000 3250 qui
2020 3183 2256 3250 Albericifi-
2289 3200 2295 3205 ·

1268 3245 1319 3300 lio
1331 3251 1521 3319 apcstatae,
1532 3251 1706 3298 adultero
1711 3250 1915 3316 ,sacrilego
1919 3253 2256 3304 ,commu71ica1nc‚

1269 3318 1622 3382 comministrauir)
1635 3319 1784 3366 litteras
1795 3318 1910 3380 nostro
1910 3319 2156 3384 sanHiffimo
2167 3321 2189 3362 l
2191 3336 2255 3361 m-

1265 3387 1478 3454 peratorise
1490 3385 1633 3452 dignas
1646 3421 1659 3440 ,
1669 3386 1807 3452 illoque
1818 3385 2004 3452 indignas
2014 3387 2113 3451 misit
2127 3421 2135 3428 .
2149 3385 2256 3428 Grae-

1269 3477 1399 3503 corum
1419 3453 1535 3501 illum
1550 3487 1562 3507 ,
1595 3455 1653 3515 Θ·
1679 3475 1752 3502 non
1775 3459 2043 3516 Rvmanorum
2078 3455 2256 3516 Impera-

1269 3541 1387 3571 torem
1401 3541 1545 3569 vocans
1559 3541 1567 3566 ε
1606 3522 1707 3588 quod
1717 3524 1777 3569 tui
1789 3521 1941 3568 domini
1963 3517 2106 3584 corfilio
2118 3517 2258 3565 aflum

1269 3596 1338 3657 esse
1349 3611 1425 3639 non
1441 3590 1491 3653 cst
1519 3590 1738 3640 dvezcssmv
1752 3616 1762 3629 .

1825 3655 1866 3698 T
2070 3652 2202 3715 Qod,
