<?xml version="1.0" encoding="UTF-8"?>
<!DOCTYPE html PUBLIC "-//W3C//DTD XHTML 1.0 Transitional//EN"
    "http://www.w3.org/TR/xhtml1/DTD/xhtml1-transitional.dtd">
<html xmlns="http://www.w3.org/1999/xhtml" xml:lang="en" lang="en">
 <head>
  <title>
</title>
<meta http-equiv="Content-Type" content="text/html;charset=utf-8" />
  <meta name='ocr-system' content='tesseract 3.04.00' />
  <meta name='ocr-capabilities' content='ocr_page ocr_carea ocr_par ocr_line ocrx_word'/>
</head>
<body>
  <div class='ocr_page' id='page_1' title='image "aquilasaxonicasu00pala_0243.png"; bbox 0 0 2561 4122; ppageno 0'>
   <div class='ocr_carea' id='block_1_1' title="bbox 86 207 186 323">
    <p class='ocr_par' dir='ltr' id='par_1_1' title="bbox 86 207 186 323">
     <span class='ocr_line' id='line_1_1' title="bbox 86 207 186 240; baseline -0.02 0"><span class='ocrx_word' id='word_1_1' title='bbox 86 207 186 240; x_wconf 74' lang='lat' dir='ltr'><em>Anno</em></span> 
     </span>
     <span class='ocr_line' id='line_1_2' title="bbox 87 250 158 281; baseline -0.042 0"><span class='ocrx_word' id='word_1_2' title='bbox 87 250 158 281; x_wconf 85' lang='lat' dir='ltr'><em>Sal.</em></span> 
     </span>
     <span class='ocr_line' id='line_1_3' title="bbox 92 299 180 323; baseline -0.034 0"><span class='ocrx_word' id='word_1_3' title='bbox 92 299 180 323; x_wconf 81' lang='lat'><em>1002.</em></span> 
     </span>
    </p>
   </div>
   <div class='ocr_carea' id='block_1_2' title="bbox 667 137 1855 227">
    <p class='ocr_par' dir='ltr' id='par_1_2' title="bbox 667 137 1855 227">
     <span class='ocr_line' id='line_1_4' title="bbox 667 137 1855 227; baseline 0.006 -26"><span class='ocrx_word' id='word_1_4' title='bbox 667 138 900 202; x_wconf 79' lang='lat' dir='ltr'><em>Catena</em></span> <span class='ocrx_word' id='word_1_5' title='bbox 914 137 1232 202; x_wconf 81' lang='lat' dir='ltr'><em>Historica.</em></span> <span class='ocrx_word' id='word_1_6' title='bbox 1277 139 1402 204; x_wconf 81' lang='lat' dir='ltr'><em>Lib.</em></span> <span class='ocrx_word' id='word_1_7' title='bbox 1415 141 1565 204; x_wconf 90' lang='lat' dir='ltr'><strong>XIV.</strong></span> <span class='ocrx_word' id='word_1_8' title='bbox 1611 144 1763 227; x_wconf 79' lang='lat' dir='ltr'><em>Cap.</em></span> <span class='ocrx_word' id='word_1_9' title='bbox 1792 147 1855 210; x_wconf 93' lang='grc' dir='ltr'><em>ΙΙ.</em></span> 
     </span>
    </p>
   </div>
   <div class='ocr_carea' id='block_1_3' title="bbox 211 245 1247 1063">
    <p class='ocr_par' dir='ltr' id='par_1_3' title="bbox 211 245 1247 1063">
     <span class='ocr_line' id='line_1_5' title="bbox 237 245 1243 313; baseline -0.006 -17"><span class='ocrx_word' id='word_1_10' title='bbox 237 250 326 313; x_wconf 76' lang='lat' dir='ltr'><em>stas</em></span> <span class='ocrx_word' id='word_1_11' title='bbox 338 248 433 296; x_wconf 84' lang='lat' dir='ltr'><em>talis</em></span> <span class='ocrx_word' id='word_1_12' title='bbox 442 247 563 313; x_wconf 65' lang='lat' dir='ltr'><em>super</em></span> <span class='ocrx_word' id='word_1_13' title='bbox 574 263 720 293; x_wconf 87' lang='lat' dir='ltr'><em>terram</em></span> <span class='ocrx_word' id='word_1_14' title='bbox 733 280 746 299; x_wconf 87' lang='lat'><em>‚</em></span> <span class='ocrx_word' id='word_1_15' title='bbox 760 265 839 312; x_wconf 63' lang='lat' dir='ltr'><em>que</em></span> <span class='ocrx_word' id='word_1_16' title='bbox 850 245 1006 310; x_wconf 77' lang='lat' dir='ltr'><em>scilicet</em></span> <span class='ocrx_word' id='word_1_17' title='bbox 1028 245 1216 312; x_wconf 51' lang='lat' dir='ltr'><em>uiolefitijs</em></span> <span class='ocrx_word' id='word_1_18' title='bbox 1230 278 1243 298; x_wconf 82' lang='grc'>,</span> 
     </span>
     <span class='ocr_line' id='line_1_6' title="bbox 248 313 1244 384; baseline -0.004 -21"><span class='ocrx_word' id='word_1_19' title='bbox 248 318 307 378; x_wconf 45' lang='grc' dir='ltr'><em>(ᾤ’</em></span> <span class='ocrx_word' id='word_1_20' title='bbox 316 318 469 384; x_wconf 77' lang='lat' dir='ltr'><em>rapinis</em></span> <span class='ocrx_word' id='word_1_21' title='bbox 481 313 680 379; x_wconf 74' lang='lat' dir='ltr'><em>abstineat</em></span> <span class='ocrx_word' id='word_1_22' title='bbox 695 347 707 366; x_wconf 86' lang='lat'><em>‚</em></span> <span class='ocrx_word' id='word_1_23' title='bbox 718 333 795 380; x_wconf 74' lang='lat' dir='ltr'><em>quae</em></span> <span class='ocrx_word' id='word_1_24' title='bbox 805 317 849 360; x_wconf 86' lang='lat' dir='ltr'><em>in</em></span> <span class='ocrx_word' id='word_1_25' title='bbox 863 330 1081 379; x_wconf 77' lang='lat' dir='ltr'><em>tantapace</em></span> <span class='ocrx_word' id='word_1_26' title='bbox 1095 347 1108 366; x_wconf 85' lang='lat'><em>,</em></span> <span class='ocrx_word' id='word_1_27' title='bbox 1123 313 1180 372; x_wconf 49' lang='lat' dir='ltr'><em>J*</em></span> <span class='ocrx_word' id='word_1_28' title='bbox 1186 316 1244 373; x_wconf 73' lang='lat' dir='ltr'><em>se-</em></span> 
     </span>
     <span class='ocr_line' id='line_1_7' title="bbox 249 375 1243 449; baseline -0.007 -16"><span class='ocrx_word' id='word_1_29' title='bbox 249 388 411 433; x_wconf 85' lang='lat' dir='ltr'><em>curitate</em></span> <span class='ocrx_word' id='word_1_30' title='bbox 424 381 614 449; x_wconf 85' lang='lat' dir='ltr'><em>Populum</em></span> <span class='ocrx_word' id='word_1_31' title='bbox 618 380 695 448; x_wconf 78' lang='lat' dir='ltr'><em>fibi</em></span> <span class='ocrx_word' id='word_1_32' title='bbox 694 380 905 446; x_wconf 76' lang='lat' dir='ltr'><em>subditum</em></span> <span class='ocrx_word' id='word_1_33' title='bbox 929 397 1039 446; x_wconf 79' lang='lat' dir='ltr'><em>regat</em></span> <span class='ocrx_word' id='word_1_34' title='bbox 1051 418 1060 426; x_wconf 88' lang='lat'><strong>.</strong></span> <span class='ocrx_word' id='word_1_35' title='bbox 1100 375 1243 432; x_wconf 70' lang='lat' dir='ltr'><em>Vitiat,</em></span> 
     </span>
     <span class='ocr_line' id='line_1_8' title="bbox 250 446 1243 520; baseline -0.009 -18"><span class='ocrx_word' id='word_1_36' title='bbox 250 470 431 520; x_wconf 82' lang='lat' dir='ltr'><em>optamus</em></span> <span class='ocrx_word' id='word_1_37' title='bbox 446 484 458 503; x_wconf 88' lang='lat'><em>‚</em></span> <span class='ocrx_word' id='word_1_38' title='bbox 481 453 602 497; x_wconf 85' lang='lat' dir='ltr'><em>viuat</em></span> <span class='ocrx_word' id='word_1_39' title='bbox 612 449 685 512; x_wconf 66' lang='lat' dir='ltr'><em>{sta</em></span> <span class='ocrx_word' id='word_1_40' title='bbox 693 448 853 516; x_wconf 72' lang='lat' dir='ltr'><em>potestas</em></span> <span class='ocrx_word' id='word_1_41' title='bbox 865 447 922 494; x_wconf 89' lang='lat' dir='ltr'><em>ad</em></span> <span class='ocrx_word' id='word_1_42' title='bbox 932 446 1243 513; x_wconf 72' lang='lat' dir='ltr'><em>refugt&#39;umpau-</em></span> 
     </span>
     <span class='ocr_line' id='line_1_9' title="bbox 242 514 1243 589; baseline -0.007 -21"><span class='ocrx_word' id='word_1_43' title='bbox 242 538 396 589; x_wconf 84' lang='lat' dir='ltr'><em>perum,</em></span> <span class='ocrx_word' id='word_1_44' title='bbox 407 518 468 579; x_wconf 53' lang='grc' dir='ltr'><em>ζῷ’</em></span> <span class='ocrx_word' id='word_1_45' title='bbox 474 516 644 585; x_wconf 70' lang='lat' dir='ltr'><em>prospere</em></span> <span class='ocrx_word' id='word_1_46' title='bbox 648 516 790 582; x_wconf 86' lang='lat' dir='ltr'><em>floreat</em></span> <span class='ocrx_word' id='word_1_47' title='bbox 801 516 855 564; x_wconf 82' lang='lat' dir='ltr'><em>ad</em></span> <span class='ocrx_word' id='word_1_48' title='bbox 865 534 1017 563; x_wconf 87' lang='lat' dir='ltr'><em>omnem</em></span> <span class='ocrx_word' id='word_1_49' title='bbox 1032 514 1243 577; x_wconf 84' lang='lat' dir='ltr'><em>custodiam</em></span> 
     </span>
     <span class='ocr_line' id='line_1_10' title="bbox 246 582 1245 651; baseline -0.006 -17"><span class='ocrx_word' id='word_1_50' title='bbox 246 586 511 650; x_wconf 76' lang='lat' dir='ltr'><em>subditorum.</em></span> <span class='ocrx_word' id='word_1_51' title='bbox 550 585 671 651; x_wconf 78' lang='lat' dir='ltr'><em>Qod</em></span> <span class='ocrx_word' id='word_1_52' title='bbox 684 585 750 632; x_wconf 89' lang='lat' dir='ltr'><em>ille</em></span> <span class='ocrx_word' id='word_1_53' title='bbox 761 584 927 632; x_wconf 83' lang='lat' dir='ltr'><em>audiens</em></span> <span class='ocrx_word' id='word_1_54' title='bbox 943 617 953 636; x_wconf 91' lang='lat'>‚</span> <span class='ocrx_word' id='word_1_55' title='bbox 974 582 1190 631; x_wconf 85' lang='lat' dir='ltr'><em>exultabat</em></span> <span class='ocrx_word' id='word_1_56' title='bbox 1202 586 1245 629; x_wconf 84' lang='lat' dir='ltr'><em>in</em></span> 
     </span>
     <span class='ocr_line' id='line_1_11' title="bbox 235 649 1244 722; baseline -0.002 -22"><span class='ocrx_word' id='word_1_57' title='bbox 235 649 420 704; x_wconf 35' lang='lat' dir='ltr'><em>‘Domino</em></span> <span class='ocrx_word' id='word_1_58' title='bbox 435 692 444 701; x_wconf 93' lang='lat'><strong>.</strong></span> <span class='ocrx_word' id='word_1_59' title='bbox 483 654 595 700; x_wconf 84' lang='lat' dir='ltr'><em>Vnde</em></span> <span class='ocrx_word' id='word_1_60' title='bbox 628 654 719 722; x_wconf 61' lang='grc' dir='ltr'><em>Ιῖερε</em></span> <span class='ocrx_word' id='word_1_61' title='bbox 741 652 922 699; x_wconf 84' lang='lat' dir='ltr'><em>dicebat:</em></span> <span class='ocrx_word' id='word_1_62' title='bbox 960 656 1011 698; x_wconf 87' lang='lat' dir='ltr'><em>ln</em></span> <span class='ocrx_word' id='word_1_63' title='bbox 1026 668 1145 698; x_wconf 85' lang='lat' dir='ltr'><em>tanta</em></span> <span class='ocrx_word' id='word_1_64' title='bbox 1157 651 1244 698; x_wconf 83' lang='lat' dir='ltr'><em>volo</em></span> 
     </span>
     <span class='ocr_line' id='line_1_12' title="bbox 235 715 1247 791; baseline -0.007 -21"><span class='ocrx_word' id='word_1_65' title='bbox 235 724 394 791; x_wconf 72' lang='lat' dir='ltr'><em>ftmper</em></span> <span class='ocrx_word' id='word_1_66' title='bbox 405 741 495 788; x_wconf 82' lang='lat' dir='ltr'><em>erga</em></span> <span class='ocrx_word' id='word_1_67' title='bbox 504 715 676 785; x_wconf 74' lang='lat' dir='ltr'><em>subditos</em></span> <span class='ocrx_word' id='word_1_68' title='bbox 689 756 702 776; x_wconf 88' lang='lat'><em>,</em></span> <span class='ocrx_word' id='word_1_69' title='bbox 713 721 770 782; x_wconf 40' lang='grc' dir='ltr'><em>ᾗ</em></span> <span class='ocrx_word' id='word_1_70' title='bbox 778 718 961 786; x_wconf 52' lang='lat' dir='ltr'><em>praecipue</em></span> <span class='ocrx_word' id='word_1_71' title='bbox 973 739 1064 785; x_wconf 80' lang='lat' dir='ltr'><em>erga</em></span> <span class='ocrx_word' id='word_1_72' title='bbox 1089 721 1247 779; x_wconf 68' lang='lat' dir='ltr'><em>rusiicos</em></span> 
     </span>
     <span class='ocr_line' id='line_1_13' title="bbox 247 785 1246 857; baseline -0.008 -17"><span class='ocrx_word' id='word_1_73' title='bbox 247 785 553 857; x_wconf 79' lang='lat' dir='ltr'><em>mansuetudine</em></span> <span class='ocrx_word' id='word_1_74' title='bbox 567 793 694 836; x_wconf 89' lang='lat' dir='ltr'><em>uiuere</em></span> <span class='ocrx_word' id='word_1_75' title='bbox 708 806 781 835; x_wconf 85' lang='lat' dir='ltr'><em>:vt</em></span> <span class='ocrx_word' id='word_1_76' title='bbox 795 825 908 834; x_wconf 88' lang='grc'><strong>.....</strong></span> <span class='ocrx_word' id='word_1_77' title='bbox 922 807 998 854; x_wconf 66' lang='lat' dir='ltr'><em>quoe</em></span> <span class='ocrx_word' id='word_1_78' title='bbox 1012 786 1156 835; x_wconf 83' lang='lat' dir='ltr'><em>caballi</em></span> <span class='ocrx_word' id='word_1_79' title='bbox 1167 789 1246 834; x_wconf 86' lang='lat' dir='ltr'><em>mei</em></span> 
     </span>
     <span class='ocr_line' id='line_1_14' title="bbox 248 855 1246 923; baseline -0.004 -17"><span class='ocrx_word' id='word_1_80' title='bbox 248 859 417 908; x_wconf 86' lang='lat' dir='ltr'><em>redentis</em></span> <span class='ocrx_word' id='word_1_81' title='bbox 428 878 484 907; x_wconf 89' lang='lat' dir='ltr'><em>ore</em></span> <span class='ocrx_word' id='word_1_82' title='bbox 497 857 689 905; x_wconf 81' lang='lat' dir='ltr'><em>dilabitur</em></span> <span class='ocrx_word' id='word_1_83' title='bbox 701 891 715 910; x_wconf 87' lang='lat'><em>,</em></span> <span class='ocrx_word' id='word_1_84' title='bbox 751 855 779 902; x_wconf 73' lang='lat' dir='ltr'><em>d</em></span> <span class='ocrx_word' id='word_1_85' title='bbox 801 855 1027 919; x_wconf 84' lang='lat' dir='ltr'><em>rusticorum</em></span> <span class='ocrx_word' id='word_1_86' title='bbox 1045 855 1217 923; x_wconf 80' lang='lat' dir='ltr'><em>porcellis</em></span> <span class='ocrx_word' id='word_1_87' title='bbox 1228 878 1246 902; x_wconf 90' lang='lat' dir='ltr'><em>e</em></span> 
     </span>
     <span class='ocr_line' id='line_1_15' title="bbox 249 922 1246 995; baseline -0.005 -21"><span class='ocrx_word' id='word_1_88' title='bbox 249 929 406 995; x_wconf 67' lang='lat' dir='ltr'><em>uestigio</em></span> <span class='ocrx_word' id='word_1_89' title='bbox 419 926 621 991; x_wconf 69' lang='lat' dir='ltr'><em>colligatur</em></span> <span class='ocrx_word' id='word_1_90' title='bbox 635 963 644 971; x_wconf 93' lang='lat'>.</span> <span class='ocrx_word' id='word_1_91' title='bbox 680 932 794 972; x_wconf 77' lang='lat' dir='ltr'><em>Porro</em></span> <span class='ocrx_word' id='word_1_92' title='bbox 816 941 950 970; x_wconf 87' lang='lat' dir='ltr'><em>autem</em></span> <span class='ocrx_word' id='word_1_93' title='bbox 965 957 978 976; x_wconf 86' lang='lat'><em>,</em></span> <span class='ocrx_word' id='word_1_94' title='bbox 1014 944 1105 971; x_wconf 89' lang='lat' dir='ltr'><em>cum</em></span> <span class='ocrx_word' id='word_1_95' title='bbox 1125 922 1172 970; x_wconf 88' lang='lat' dir='ltr'><em>de</em></span> <span class='ocrx_word' id='word_1_96' title='bbox 1196 923 1246 988; x_wconf 72' lang='lat' dir='ltr'><em>se</em></span> 
     </span>
     <span class='ocr_line' id='line_1_16' title="bbox 211 991 1246 1063; baseline -0.006 -20"><span class='ocrx_word' id='word_1_97' title='bbox 211 992 215 994; x_wconf 12' lang='lat' dir='ltr'><em>i</em></span> <span class='ocrx_word' id='word_1_98' title='bbox 249 997 346 1063; x_wconf 88' lang='lat' dir='ltr'><em>quid</em></span> <span class='ocrx_word' id='word_1_99' title='bbox 357 995 539 1042; x_wconf 72' lang='lat' dir='ltr'><em>diceretur</em></span> <span class='ocrx_word' id='word_1_100' title='bbox 557 995 767 1059; x_wconf 79' lang='lat' dir='ltr'><em>inquireret</em></span> <span class='ocrx_word' id='word_1_101' title='bbox 780 1025 792 1044; x_wconf 86' lang='lat'>‚</span> <span class='ocrx_word' id='word_1_102' title='bbox 805 991 901 1058; x_wconf 88' lang='lat' dir='ltr'><em>quid</em></span> <span class='ocrx_word' id='word_1_103' title='bbox 912 991 1029 1039; x_wconf 89' lang='lat' dir='ltr'><em>aliud</em></span> <span class='ocrx_word' id='word_1_104' title='bbox 1047 1011 1172 1058; x_wconf 85' lang='lat' dir='ltr'><em>quam</em></span> <span class='ocrx_word' id='word_1_105' title='bbox 1183 1012 1246 1038; x_wconf 92' lang='lat' dir='ltr'><em>no-</em></span> 
     </span>
    </p>
   </div>
   <div class='ocr_carea' id='block_1_4' title="bbox 95 1058 1247 1128">
    <p class='ocr_par' dir='ltr' id='par_1_4' title="bbox 95 1058 1247 1128">
     <span class='ocr_line' id='line_1_17' title="bbox 95 1058 1247 1128; baseline 0.006 -27"><span class='ocrx_word' id='word_1_106' title='bbox 95 1070 229 1103; x_wconf 71' lang='lat' dir='ltr'><em>aMatt.</em></span> <span class='ocrx_word' id='word_1_107' title='bbox 237 1064 314 1128; x_wconf 68' lang='lat' dir='ltr'><em>strj</em></span> <span class='ocrx_word' id='word_1_108' title='bbox 334 1074 351 1093; x_wconf 72' lang='lat'><strong>³</strong></span> <span class='ocrx_word' id='word_1_109' title='bbox 370 1062 637 1128; x_wconf 48' lang='lat' dir='ltr'><em>&amp;demptoris</em></span> <span class='ocrx_word' id='word_1_110' title='bbox 646 1059 882 1107; x_wconf 72' lang='lat' dir='ltr'><em>imitabatur</em></span> <span class='ocrx_word' id='word_1_111' title='bbox 894 1060 1143 1127; x_wconf 76' lang='lat' dir='ltr'><em>exemplum?</em></span> <span class='ocrx_word' id='word_1_112' title='bbox 1156 1058 1247 1122; x_wconf 38' lang='grc' dir='ltr'><em>,ἦρί</em></span> 
     </span>
    </p>
   </div>
   <div class='ocr_carea' id='block_1_5' title="bbox 250 1126 1253 2769">
    <p class='ocr_par' dir='ltr' id='par_1_5' title="bbox 250 1126 1251 1950">
     <span class='ocr_line' id='line_1_18' title="bbox 251 1126 1247 1196; baseline -0.008 -16"><span class='ocrx_word' id='word_1_113' title='bbox 251 1136 445 1180; x_wconf 83' lang='lat' dir='ltr'><em>nimirum</em></span> <span class='ocrx_word' id='word_1_114' title='bbox 457 1150 546 1178; x_wconf 89' lang='lat' dir='ltr'><em>cum</em></span> <span class='ocrx_word' id='word_1_115' title='bbox 557 1132 691 1177; x_wconf 87' lang='lat' dir='ltr'><em>omnia</em></span> <span class='ocrx_word' id='word_1_116' title='bbox 699 1126 943 1195; x_wconf 77' lang='lat' dir='ltr'><em>proculdubio</em></span> <span class='ocrx_word' id='word_1_117' title='bbox 966 1133 1084 1196; x_wconf 84' lang='lat' dir='ltr'><em>nosset</em></span> <span class='ocrx_word' id='word_1_118' title='bbox 1096 1148 1108 1173; x_wconf 91' lang='grc'><em>.·</em></span> <span class='ocrx_word' id='word_1_119' title='bbox 1144 1126 1247 1174; x_wconf 84' lang='lat' dir='ltr'><em>illud</em></span> 
     </span>
     <span class='ocr_line' id='line_1_19' title="bbox 250 1195 1244 1264; baseline -0.008 -16"><span class='ocrx_word' id='word_1_120' title='bbox 250 1219 386 1248; x_wconf 84' lang='lat' dir='ltr'><em>tamen</em></span> <span class='ocrx_word' id='word_1_121' title='bbox 409 1197 532 1248; x_wconf 84' lang='lat' dir='ltr'><em>ueluti</em></span> <span class='ocrx_word' id='word_1_122' title='bbox 554 1199 697 1264; x_wconf 66' lang='lat' dir='ltr'><em>nescius</em></span> <span class='ocrx_word' id='word_1_123' title='bbox 712 1195 739 1242; x_wconf 79' lang='lat' dir='ltr'><em>d</em></span> <span class='ocrx_word' id='word_1_124' title='bbox 753 1196 972 1262; x_wconf 77' lang='lat' dir='ltr'><em>Discipulis</em></span> <span class='ocrx_word' id='word_1_125' title='bbox 995 1195 1218 1264; x_wconf 75' lang='lat' dir='ltr'><em>inquirebat</em></span> <span class='ocrx_word' id='word_1_126' title='bbox 1232 1216 1244 1240; x_wconf 93' lang='lat'><em>.·</em></span> 
     </span>
     <span class='ocr_line' id='line_1_20' title="bbox 251 1264 1246 1334; baseline -0.007 -18"><span class='ocrx_word' id='word_1_127' title='bbox 251 1269 386 1334; x_wconf 74' lang='lat' dir='ltr'><em>Qem</em></span> <span class='ocrx_word' id='word_1_128' title='bbox 397 1267 534 1315; x_wconf 81' lang='lat' dir='ltr'><em>dicunt</em></span> <span class='ocrx_word' id='word_1_129' title='bbox 545 1266 715 1315; x_wconf 81' lang='lat' dir='ltr'><em>homines</em></span> <span class='ocrx_word' id='word_1_130' title='bbox 725 1265 790 1328; x_wconf 67' lang='lat' dir='ltr'><em>effi?</em></span> <span class='ocrx_word' id='word_1_131' title='bbox 802 1264 963 1312; x_wconf 84' lang='lat' dir='ltr'><em>Filium</em></span> <span class='ocrx_word' id='word_1_132' title='bbox 976 1265 1201 1314; x_wconf 73' lang='lat' dir='ltr'><em>hominis?C</em></span> <span class='ocrx_word' id='word_1_133' title='bbox 1204 1266 1246 1310; x_wconf 86' lang='lat' dir='ltr'><em>ui</em></span> 
     </span>
     <span class='ocr_line' id='line_1_21' title="bbox 251 1334 1247 1401; baseline -0.007 -17"><span class='ocrx_word' id='word_1_134' title='bbox 251 1357 342 1384; x_wconf 86' lang='lat' dir='ltr'><em>cum</em></span> <span class='ocrx_word' id='word_1_135' title='bbox 353 1336 415 1384; x_wconf 90' lang='lat' dir='ltr'><em>illi</em></span> <span class='ocrx_word' id='word_1_136' title='bbox 428 1335 608 1401; x_wconf 76' lang='lat' dir='ltr'><em>diuersas</em></span> <span class='ocrx_word' id='word_1_137' title='bbox 619 1334 825 1382; x_wconf 77' lang='lat' dir='ltr'><em>hominum</em></span> <span class='ocrx_word' id='word_1_138' title='bbox 836 1335 1027 1399; x_wconf 79' lang='lat' dir='ltr'><em>opiniones</em></span> <span class='ocrx_word' id='word_1_139' title='bbox 1046 1335 1247 1399; x_wconf 75' lang='lat' dir='ltr'><em>exprime-</em></span> 
     </span>
     <span class='ocr_line' id='line_1_22' title="bbox 251 1401 1246 1467; baseline -0.006 -16"><span class='ocrx_word' id='word_1_140' title='bbox 251 1422 349 1458; x_wconf 86' lang='lat' dir='ltr'><em>rent,</em></span> <span class='ocrx_word' id='word_1_141' title='bbox 359 1403 521 1453; x_wconf 83' lang='lat' dir='ltr'><em>addidit</em></span> <span class='ocrx_word' id='word_1_142' title='bbox 535 1423 546 1447; x_wconf 93' lang='grc'><em>.·</em></span> <span class='ocrx_word' id='word_1_143' title='bbox 583 1403 656 1450; x_wconf 83' lang='lat' dir='ltr'><em>Vos</em></span> <span class='ocrx_word' id='word_1_144' title='bbox 668 1418 802 1448; x_wconf 88' lang='lat' dir='ltr'><em>autem</em></span> <span class='ocrx_word' id='word_1_145' title='bbox 812 1419 925 1467; x_wconf 82' lang='lat' dir='ltr'><em>quem</em></span> <span class='ocrx_word' id='word_1_146' title='bbox 935 1421 997 1448; x_wconf 89' lang='lat' dir='ltr'><em>me</em></span> <span class='ocrx_word' id='word_1_147' title='bbox 1008 1402 1074 1466; x_wconf 77' lang='lat' dir='ltr'><em>effi</em></span> <span class='ocrx_word' id='word_1_148' title='bbox 1089 1401 1246 1447; x_wconf 75' lang='lat' dir='ltr'><em>dicitis?</em></span> 
     </span>
     <span class='ocr_line' id='line_1_23' title="bbox 251 1468 1246 1536; baseline -0.007 -15"><span class='ocrx_word' id='word_1_149' title='bbox 251 1473 409 1521; x_wconf 79' lang='lat' dir='ltr'><em>Scilicet</em></span> <span class='ocrx_word' id='word_1_150' title='bbox 429 1489 474 1519; x_wconf 85' lang='lat' dir='ltr'><em>ut</em></span> <span class='ocrx_word' id='word_1_151' title='bbox 495 1476 590 1533; x_wconf 57' lang='lat' dir='ltr'><em>Qec</em></span> <span class='ocrx_word' id='word_1_152' title='bbox 614 1468 851 1535; x_wconf 84' lang='lat' dir='ltr'><em>Angelorum</em></span> <span class='ocrx_word' id='word_1_153' title='bbox 861 1530 867 1536; x_wconf 89' lang='lat'>.</span> <span class='ocrx_word' id='word_1_154' title='bbox 870 1468 1049 1534; x_wconf 75' lang='lat' dir='ltr'><em>fhrmam</em></span> <span class='ocrx_word' id='word_1_155' title='bbox 1061 1469 1174 1516; x_wconf 88' lang='lat' dir='ltr'><em>daret</em></span> <span class='ocrx_word' id='word_1_156' title='bbox 1188 1488 1246 1514; x_wconf 86' lang='lat' dir='ltr'><em>re-</em></span> 
     </span>
     <span class='ocr_line' id='line_1_24' title="bbox 251 1536 1246 1604; baseline -0.007 -14"><span class='ocrx_word' id='word_1_157' title='bbox 251 1541 414 1590; x_wconf 65' lang='lat' dir='ltr'><em>Horibus</em></span> <span class='ocrx_word' id='word_1_158' title='bbox 437 1542 640 1593; x_wconf 77' lang='lat' dir='ltr'><em>hominum</em></span> <span class='ocrx_word' id='word_1_159' title='bbox 654 1571 668 1591; x_wconf 70' lang='lat'>2</span> <span class='ocrx_word' id='word_1_160' title='bbox 703 1558 777 1585; x_wconf 90' lang='lat' dir='ltr'><em>non</em></span> <span class='ocrx_word' id='word_1_161' title='bbox 793 1536 889 1603; x_wconf 85' lang='lat' dir='ltr'><em>quid</em></span> <span class='ocrx_word' id='word_1_162' title='bbox 894 1555 960 1604; x_wconf 83' lang='lat' dir='ltr'><em>per</em></span> <span class='ocrx_word' id='word_1_163' title='bbox 969 1559 1007 1585; x_wconf 86' lang='lat' dir='ltr'><em>os</em></span> <span class='ocrx_word' id='word_1_164' title='bbox 1031 1539 1246 1604; x_wconf 81' lang='lat' dir='ltr'><em>assentato-</em></span> 
     </span>
     <span class='ocr_line' id='line_1_25' title="bbox 252 1604 1248 1676; baseline -0.006 -19"><span class='ocrx_word' id='word_1_165' title='bbox 252 1630 343 1657; x_wconf 88' lang='lat' dir='ltr'><em>rum</em></span> <span class='ocrx_word' id='word_1_166' title='bbox 353 1611 522 1676; x_wconf 73' lang='lat' dir='ltr'><em>suorum</em></span> <span class='ocrx_word' id='word_1_167' title='bbox 533 1605 705 1658; x_wconf 84' lang='lat' dir='ltr'><em>dicatur,</em></span> <span class='ocrx_word' id='word_1_168' title='bbox 718 1605 927 1653; x_wconf 84' lang='lat' dir='ltr'><em>attendant</em></span> <span class='ocrx_word' id='word_1_169' title='bbox 939 1605 1030 1672; x_wconf 69' lang='lat' dir='ltr'><em>,sed</em></span> <span class='ocrx_word' id='word_1_170' title='bbox 1039 1605 1139 1673; x_wconf 87' lang='lat' dir='ltr'><em>quod</em></span> <span class='ocrx_word' id='word_1_171' title='bbox 1148 1604 1248 1668; x_wconf 77' lang='lat' dir='ltr'><em>testi-</em></span> 
     </span>
     <span class='ocr_line' id='line_1_26' title="bbox 252 1672 1246 1743; baseline -0.005 -19"><span class='ocrx_word' id='word_1_172' title='bbox 252 1681 430 1726; x_wconf 83' lang='lat' dir='ltr'><em>monium</em></span> <span class='ocrx_word' id='word_1_173' title='bbox 442 1674 549 1743; x_wconf 80' lang='lat' dir='ltr'><em>apud</em></span> <span class='ocrx_word' id='word_1_174' title='bbox 560 1673 736 1741; x_wconf 73' lang='lat' dir='ltr'><em>absentes</em></span> <span class='ocrx_word' id='word_1_175' title='bbox 746 1672 937 1722; x_wconf 82' lang='lat' dir='ltr'><em>habeatur</em></span> <span class='ocrx_word' id='word_1_176' title='bbox 947 1677 1170 1739; x_wconf 81' lang='lat' dir='ltr'><em>inquirant,</em></span> <span class='ocrx_word' id='word_1_177' title='bbox 1194 1695 1246 1720; x_wconf 84' lang='lat' dir='ltr'><em>tc-</em></span> 
     </span>
     <span class='ocr_line' id='line_1_27' title="bbox 253 1740 1251 1814; baseline -0.006 -20"><span class='ocrx_word' id='word_1_178' title='bbox 253 1767 325 1814; x_wconf 86' lang='lat' dir='ltr'><em>que</em></span> <span class='ocrx_word' id='word_1_179' title='bbox 335 1745 436 1812; x_wconf 85' lang='lat' dir='ltr'><em>quod</em></span> <span class='ocrx_word' id='word_1_180' title='bbox 445 1741 720 1811; x_wconf 78' lang='lat' dir='ltr'><em>reprehenfibile</em></span> <span class='ocrx_word' id='word_1_181' title='bbox 743 1763 796 1789; x_wconf 91' lang='lat' dir='ltr'><em>ex</em></span> <span class='ocrx_word' id='word_1_182' title='bbox 817 1762 941 1790; x_wconf 87' lang='lat' dir='ltr'><em>eorum</em></span> <span class='ocrx_word' id='word_1_183' title='bbox 967 1741 1102 1809; x_wconf 87' lang='lat' dir='ltr'><em>fama</em></span> <span class='ocrx_word' id='word_1_184' title='bbox 1124 1740 1251 1808; x_wconf 80' lang='lat' dir='ltr'><em>depre-</em></span> 
     </span>
     <span class='ocr_line' id='line_1_28' title="bbox 255 1809 1250 1877; baseline -0.005 -15"><span class='ocrx_word' id='word_1_185' title='bbox 255 1814 428 1864; x_wconf 82' lang='lat' dir='ltr'><em>henderit</em></span> <span class='ocrx_word' id='word_1_186' title='bbox 443 1815 656 1877; x_wconf 77' lang='lat' dir='ltr'><em>‚corrigant</em></span> <span class='ocrx_word' id='word_1_187' title='bbox 667 1831 679 1866; x_wconf 70' lang='grc' dir='ltr'><strong><em>ς</em></strong></span> <span class='ocrx_word' id='word_1_188' title='bbox 700 1809 757 1856; x_wconf 84' lang='lat' dir='ltr'><em>ad</em></span> <span class='ocrx_word' id='word_1_189' title='bbox 767 1809 994 1877; x_wconf 86' lang='lat' dir='ltr'><em>exequenda</em></span> <span class='ocrx_word' id='word_1_190' title='bbox 1016 1830 1100 1858; x_wconf 90' lang='lat' dir='ltr'><em>uero</em></span> <span class='ocrx_word' id='word_1_191' title='bbox 1125 1809 1222 1857; x_wconf 88' lang='lat' dir='ltr'><em>bona</em></span> <span class='ocrx_word' id='word_1_192' title='bbox 1238 1844 1250 1863; x_wconf 84' lang='lat'><em>,</em></span> 
     </span>
     <span class='ocr_line' id='line_1_29' title="bbox 257 1877 1248 1950; baseline -0.005 -21"><span class='ocrx_word' id='word_1_193' title='bbox 257 1903 337 1950; x_wconf 81' lang='lat' dir='ltr'><em>quae</em></span> <span class='ocrx_word' id='word_1_194' title='bbox 349 1880 447 1948; x_wconf 89' lang='lat' dir='ltr'><em>dese</em></span> <span class='ocrx_word' id='word_1_195' title='bbox 458 1879 538 1927; x_wconf 89' lang='lat' dir='ltr'><em>dici</em></span> <span class='ocrx_word' id='word_1_196' title='bbox 550 1877 970 1945; x_wconf 75' lang='lat' dir='ltr'><em>cognouerint,auidius</em></span> <span class='ocrx_word' id='word_1_197' title='bbox 980 1878 1226 1945; x_wconf 66' lang='lat' dir='ltr'><em>inualcfiant</em></span> <span class='ocrx_word' id='word_1_198' title='bbox 1240 1916 1248 1924; x_wconf 94' lang='lat'><strong>.</strong></span> 
     </span>
    </p>

    <p class='ocr_par' dir='ltr' id='par_1_6' title="bbox 254 1945 1253 2769">
     <span class='ocr_line' id='line_1_30' title="bbox 324 1945 1252 2014; baseline -0.005 -16"><span class='ocrx_word' id='word_1_199' title='bbox 324 1952 378 1997; x_wconf 90' lang='lat' dir='ltr'><em>Vt</em></span> <span class='ocrx_word' id='word_1_200' title='bbox 388 1966 524 1997; x_wconf 86' lang='lat' dir='ltr'><em>autem</em></span> <span class='ocrx_word' id='word_1_201' title='bbox 527 1945 687 2014; x_wconf 56' lang='lat' dir='ltr'><em>praefati</em></span> <span class='ocrx_word' id='word_1_202' title='bbox 707 1946 960 1995; x_wconf 77' lang='lat' dir='ltr'><em>Marchionis</em></span> <span class='ocrx_word' id='word_1_203' title='bbox 986 1949 1112 1995; x_wconf 87' lang='lat' dir='ltr'><em>etiam</em></span> <span class='ocrx_word' id='word_1_204' title='bbox 1123 1949 1252 2014; x_wconf 84' lang='lat' dir='ltr'><em>finem</em></span> 
     </span>
     <span class='ocr_line' id='line_1_31' title="bbox 257 2015 1249 2081; baseline -0.003 -15"><span class='ocrx_word' id='word_1_205' title='bbox 257 2018 420 2066; x_wconf 84' lang='lat' dir='ltr'><em>breuiter</em></span> <span class='ocrx_word' id='word_1_206' title='bbox 455 2017 737 2081; x_wconf 66' lang='lat' dir='ltr'><em>erst&#39;ringamus</em></span> <span class='ocrx_word' id='word_1_207' title='bbox 749 2051 758 2060; x_wconf 87' lang='lat'><strong>.</strong></span> <span class='ocrx_word' id='word_1_208' title='bbox 775 2020 881 2061; x_wconf 90' lang='lat' dir='ltr'><em>Cum</em></span> <span class='ocrx_word' id='word_1_209' title='bbox 892 2017 935 2063; x_wconf 86' lang='lat' dir='ltr'><em>in</em></span> <span class='ocrx_word' id='word_1_210' title='bbox 946 2033 1127 2064; x_wconf 81' lang='lat' dir='ltr'><em>extremae</em></span> <span class='ocrx_word' id='word_1_211' title='bbox 1140 2015 1249 2063; x_wconf 90' lang='lat' dir='ltr'><em>uale-</em></span> 
     </span>
     <span class='ocr_line' id='line_1_32' title="bbox 256 2035 1252 2151; baseline -0.002 -18"><span class='ocrx_word' id='word_1_212' title='bbox 256 2084 409 2133; x_wconf 81' lang='lat' dir='ltr'><em>tudinis</em></span> <span class='ocrx_word' id='word_1_213' title='bbox 421 2035 600 2151; x_wconf 56' lang='lat' dir='ltr'><em>languore</em></span> <span class='ocrx_word' id='word_1_214' title='bbox 612 2080 872 2136; x_wconf 79' lang='lat' dir='ltr'><em>decumberet,</em></span> <span class='ocrx_word' id='word_1_215' title='bbox 910 2083 969 2144; x_wconf 57' lang='lat'><em>&amp;⁴</em></span> <span class='ocrx_word' id='word_1_216' title='bbox 989 2088 1104 2132; x_wconf 88' lang='lat' dir='ltr'><em>totius</em></span> <span class='ocrx_word' id='word_1_217' title='bbox 1123 2087 1252 2151; x_wconf 47' lang='lat' dir='ltr'><em>&amp;gni</em></span> 
     </span>
     <span class='ocr_line' id='line_1_33' title="bbox 257 2150 1252 2219; baseline -0.001 -19"><span class='ocrx_word' id='word_1_218' title='bbox 257 2154 379 2202; x_wconf 87' lang='lat' dir='ltr'><em>lucem</em></span> <span class='ocrx_word' id='word_1_219' title='bbox 390 2154 571 2219; x_wconf 71' lang='lat' dir='ltr'><em>extingui</em></span> <span class='ocrx_word' id='word_1_220' title='bbox 592 2186 605 2206; x_wconf 84' lang='lat'>‚</span> <span class='ocrx_word' id='word_1_221' title='bbox 640 2172 714 2200; x_wconf 90' lang='lat' dir='ltr'><em>non</em></span> <span class='ocrx_word' id='word_1_222' title='bbox 722 2169 857 2219; x_wconf 80' lang='lat' dir='ltr'><em>parua</em></span> <span class='ocrx_word' id='word_1_223' title='bbox 878 2150 1112 2218; x_wconf 69' lang='lat' dir='ltr'><em>diuersorum</em></span> <span class='ocrx_word' id='word_1_224' title='bbox 1130 2154 1252 2203; x_wconf 80' lang='lat' dir='ltr'><em>homi-</em></span> 
     </span>
     <span class='ocr_line' id='line_1_34' title="bbox 257 2219 1251 2288; baseline 0 -18"><span class='ocrx_word' id='word_1_225' title='bbox 257 2243 354 2270; x_wconf 87' lang='lat' dir='ltr'><em>num</em></span> <span class='ocrx_word' id='word_1_226' title='bbox 375 2220 582 2269; x_wconf 87' lang='lat' dir='ltr'><em>multitudo</em></span> <span class='ocrx_word' id='word_1_227' title='bbox 603 2219 754 2285; x_wconf 69' lang='lat' dir='ltr'><em>defleret</em></span> <span class='ocrx_word' id='word_1_228' title='bbox 776 2240 789 2266; x_wconf 89' lang='lat'><em>.·</em></span> <span class='ocrx_word' id='word_1_229' title='bbox 825 2219 1063 2269; x_wconf 84' lang='lat' dir='ltr'><em>uenerabilis</em></span> <span class='ocrx_word' id='word_1_230' title='bbox 1083 2222 1251 2288; x_wconf 88' lang='lat' dir='ltr'><em>quidam</em></span> 
     </span>
     <span class='ocr_line' id='line_1_35' title="bbox 259 2287 1252 2359; baseline -0.002 -20"><span class='ocrx_word' id='word_1_231' title='bbox 259 2291 464 2359; x_wconf 72' lang='lat' dir='ltr'><em>Episcopus</em></span> <span class='ocrx_word' id='word_1_232' title='bbox 477 2323 490 2342; x_wconf 83' lang='lat'><em>,</em></span> <span class='ocrx_word' id='word_1_233' title='bbox 503 2291 612 2337; x_wconf 87' lang='lat' dir='ltr'><em>cuius</em></span> <span class='ocrx_word' id='word_1_234' title='bbox 623 2308 685 2336; x_wconf 83' lang='lat' dir='ltr'><em>me</em></span> <span class='ocrx_word' id='word_1_235' title='bbox 696 2287 916 2355; x_wconf 70' lang='lat' dir='ltr'><em>adpraesens</em></span> <span class='ocrx_word' id='word_1_236' title='bbox 928 2288 1161 2337; x_wconf 88' lang='lat' dir='ltr'><em>uocabulum</em></span> <span class='ocrx_word' id='word_1_237' title='bbox 1175 2289 1252 2358; x_wconf 73' lang='lat' dir='ltr'><em>flc-</em></span> 
     </span>
     <span class='ocr_line' id='line_1_36' title="bbox 254 2356 1252 2426; baseline -0.001 -20"><span class='ocrx_word' id='word_1_238' title='bbox 254 2362 331 2426; x_wconf 78' lang='lat' dir='ltr'><em>git,</em></span> <span class='ocrx_word' id='word_1_239' title='bbox 341 2358 459 2407; x_wconf 81' lang='lat' dir='ltr'><em>hocin</em></span> <span class='ocrx_word' id='word_1_240' title='bbox 471 2357 571 2423; x_wconf 79' lang='lat' dir='ltr'><em>ligno</em></span> <span class='ocrx_word' id='word_1_241' title='bbox 585 2393 598 2413; x_wconf 88' lang='grc'>,</span> <span class='ocrx_word' id='word_1_242' title='bbox 608 2356 709 2424; x_wconf 86' lang='lat' dir='ltr'><em>quod</em></span> <span class='ocrx_word' id='word_1_243' title='bbox 719 2358 760 2403; x_wconf 84' lang='lat' dir='ltr'><em>in</em></span> <span class='ocrx_word' id='word_1_244' title='bbox 770 2359 858 2422; x_wconf 81' lang='lat' dir='ltr'><em>igne</em></span> <span class='ocrx_word' id='word_1_245' title='bbox 869 2374 962 2405; x_wconf 87' lang='lat' dir='ltr'><em>tunc</em></span> <span class='ocrx_word' id='word_1_246' title='bbox 973 2357 1140 2407; x_wconf 82' lang='lat' dir='ltr'><em>ardebat</em></span> <span class='ocrx_word' id='word_1_247' title='bbox 1153 2393 1166 2412; x_wconf 88' lang='lat'><em>‚</em></span> <span class='ocrx_word' id='word_1_248' title='bbox 1177 2380 1252 2406; x_wconf 89' lang='lat' dir='ltr'><em>ex-</em></span> 
     </span>
     <span class='ocr_line' id='line_1_37' title="bbox 254 2424 1251 2495; baseline -0.001 -21"><span class='ocrx_word' id='word_1_249' title='bbox 254 2428 420 2495; x_wconf 79' lang='lat' dir='ltr'><em>pressum</em></span> <span class='ocrx_word' id='word_1_250' title='bbox 427 2444 492 2493; x_wconf 86' lang='lat' dir='ltr'><em>per</em></span> <span class='ocrx_word' id='word_1_251' title='bbox 504 2425 687 2491; x_wconf 61' lang='lat' dir='ltr'><em>quaedam</em></span> <span class='ocrx_word' id='word_1_252' title='bbox 699 2424 920 2472; x_wconf 88' lang='lat' dir='ltr'><em>litterarum</em></span> <span class='ocrx_word' id='word_1_253' title='bbox 944 2427 1110 2492; x_wconf 72' lang='lat' dir='ltr'><em>uesiigia</em></span> <span class='ocrx_word' id='word_1_254' title='bbox 1123 2425 1251 2489; x_wconf 80' lang='lat' dir='ltr'><em>depre-</em></span> 
     </span>
     <span class='ocr_line' id='line_1_38' title="bbox 257 2494 1253 2559; baseline -0.003 -15"><span class='ocrx_word' id='word_1_255' title='bbox 257 2494 389 2544; x_wconf 75' lang='lat' dir='ltr'><em>hendic</em></span> <span class='ocrx_word' id='word_1_256' title='bbox 423 2496 588 2542; x_wconf 86' lang='lat' dir='ltr'><em>HVGO</em></span> <span class='ocrx_word' id='word_1_257' title='bbox 623 2496 917 2555; x_wconf 75' lang='lat' dir='ltr'><em>MARCHJO</em></span> <span class='ocrx_word' id='word_1_258' title='bbox 955 2494 1253 2559; x_wconf 56' lang='lat' dir='ltr'><em>„QVINQVA-</em></span> 
     </span>
     <span class='ocr_line' id='line_1_39' title="bbox 257 2563 1253 2630; baseline 0 -20"><span class='ocrx_word' id='word_1_259' title='bbox 257 2566 459 2610; x_wconf 65' lang='lat' dir='ltr'><em>GJNTA</em></span> <span class='ocrx_word' id='word_1_260' title='bbox 496 2565 689 2609; x_wconf 58' lang='lat' dir='ltr'><em>ANNIS</em></span> <span class='ocrx_word' id='word_1_261' title='bbox 725 2563 894 2607; x_wconf 84' lang='lat' dir='ltr'><em>VleT</em></span> <span class='ocrx_word' id='word_1_262' title='bbox 907 2599 915 2608; x_wconf 89' lang='lat'><strong>.</strong></span> <span class='ocrx_word' id='word_1_263' title='bbox 952 2567 1130 2630; x_wconf 84' lang='lat' dir='ltr'><em>Cumque</em></span> <span class='ocrx_word' id='word_1_264' title='bbox 1164 2563 1228 2612; x_wconf 85' lang='lat' dir='ltr'><em>hoc</em></span> <span class='ocrx_word' id='word_1_265' title='bbox 1239 2597 1253 2616; x_wconf 65' lang='lat'>2</span> 
     </span>
     <span class='ocr_line' id='line_1_40' title="bbox 259 2628 1251 2700; baseline 0.001 -22"><span class='ocrx_word' id='word_1_266' title='bbox 259 2629 554 2700; x_wconf 76' lang='lat' dir='ltr'><em>quastfaustum</em></span> <span class='ocrx_word' id='word_1_267' title='bbox 567 2649 678 2677; x_wconf 87' lang='lat' dir='ltr'><em>omen</em></span> <span class='ocrx_word' id='word_1_268' title='bbox 692 2663 704 2682; x_wconf 86' lang='lat'><em>‚</em></span> <span class='ocrx_word' id='word_1_269' title='bbox 716 2629 758 2677; x_wconf 85' lang='lat' dir='ltr'><em>hi</em></span> <span class='ocrx_word' id='word_1_270' title='bbox 767 2632 835 2696; x_wconf 88' lang='lat' dir='ltr'><em>qui</em></span> <span class='ocrx_word' id='word_1_271' title='bbox 845 2628 1030 2686; x_wconf 75' lang='lat' dir='ltr'><em>aderant,</em></span> <span class='ocrx_word' id='word_1_272' title='bbox 1045 2630 1251 2684; x_wconf 83' lang='lat' dir='ltr'><em>crederent,</em></span> 
     </span>
     <span class='ocr_line' id='line_1_41' title="bbox 255 2696 1250 2769; baseline 0.004 -25"><span class='ocrx_word' id='word_1_273' title='bbox 255 2704 450 2769; x_wconf 74' lang='lat' dir='ltr'><em>signumq3</em></span> <span class='ocrx_word' id='word_1_274' title='bbox 462 2698 524 2747; x_wconf 84' lang='lat' dir='ltr'><em>hoc</em></span> <span class='ocrx_word' id='word_1_275' title='bbox 538 2698 603 2762; x_wconf 75' lang='lat' dir='ltr'><em>effi</em></span> <span class='ocrx_word' id='word_1_276' title='bbox 614 2696 874 2765; x_wconf 66' lang='lat' dir='ltr'><em>recuperanda</em></span> <span class='ocrx_word' id='word_1_277' title='bbox 899 2697 1141 2748; x_wconf 87' lang='lat' dir='ltr'><em>ualetudinis</em></span> <span class='ocrx_word' id='word_1_278' title='bbox 1152 2734 1165 2753; x_wconf 85' lang='grc'>,</span> <span class='ocrx_word' id='word_1_279' title='bbox 1177 2721 1250 2748; x_wconf 88' lang='lat' dir='ltr'><em>ere-</em></span> 
     </span>
    </p>
   </div>
   <div class='ocr_carea' id='block_1_6' title="bbox 261 2764 1282 2904">
    <p class='ocr_par' dir='ltr' id='par_1_7' title="bbox 261 2764 1282 2904">
     <span class='ocr_line' id='line_1_42' title="bbox 261 2764 1282 2904; baseline 0 -88"><span class='ocrx_word' id='word_1_280' title='bbox 261 2768 340 2816; x_wconf 61' lang='lat' dir='ltr'><em>&amp;is</em></span> <span class='ocrx_word' id='word_1_281' title='bbox 351 2769 395 2814; x_wconf 85' lang='lat' dir='ltr'><em>in</em></span> <span class='ocrx_word' id='word_1_282' title='bbox 389 2767 510 2904; x_wconf 45' lang='lat' dir='ltr'><em>spem</em></span> <span class='ocrx_word' id='word_1_283' title='bbox 522 2764 692 2814; x_wconf 83' lang='lat' dir='ltr'><em>cordibus</em></span> <span class='ocrx_word' id='word_1_284' title='bbox 706 2799 719 2819; x_wconf 84' lang='lat'><em>,</em></span> <span class='ocrx_word' id='word_1_285' title='bbox 732 2782 988 2814; x_wconf 86' lang='lat' dir='ltr'><em>autumarent</em></span> <span class='ocrx_word' id='word_1_286' title='bbox 1003 2788 1014 2812; x_wconf 94' lang='lat'><em>.·</em></span> <span class='ocrx_word' id='word_1_287' title='bbox 1046 2768 1162 2835; x_wconf 82' lang='lat' dir='ltr'><em>paulo</em></span> <span class='ocrx_word' id='word_1_288' title='bbox 1168 2768 1251 2834; x_wconf 80' lang='lat' dir='ltr'><em>post</em></span> <span class='ocrx_word' id='word_1_289' title='bbox 1275 2769 1282 2774; x_wconf 73' lang='grc'><strong>’</strong></span> 
     </span>
    </p>
   </div>
   <div class='ocr_carea' id='block_1_7' title="bbox 262 2834 1251 3109">
    <p class='ocr_par' dir='ltr' id='par_1_8' title="bbox 262 2834 1251 3109">
     <span class='ocr_line' id='line_1_43' title="bbox 262 2834 1249 2904; baseline 0.001 -21"><span class='ocrx_word' id='word_1_290' title='bbox 262 2837 340 2904; x_wconf 76' lang='lat' dir='ltr'><em>ipse</em></span> <span class='ocrx_word' id='word_1_291' title='bbox 350 2835 396 2883; x_wconf 86' lang='lat' dir='ltr'><em>de</em></span> <span class='ocrx_word' id='word_1_292' title='bbox 422 2834 564 2883; x_wconf 56' lang='lat' dir='ltr'><em>unitus</em></span> <span class='ocrx_word' id='word_1_293' title='bbox 577 2834 630 2900; x_wconf 85' lang='lat' dir='ltr'><em>est</em></span> <span class='ocrx_word' id='word_1_294' title='bbox 642 2872 651 2881; x_wconf 86' lang='lat'><strong>.</strong></span> <span class='ocrx_word' id='word_1_295' title='bbox 689 2836 774 2883; x_wconf 89' lang='lat' dir='ltr'><em>Hic</em></span> <span class='ocrx_word' id='word_1_296' title='bbox 780 2850 957 2901; x_wconf 73' lang='lat' dir='ltr'><em>praterea</em></span> <span class='ocrx_word' id='word_1_297' title='bbox 967 2835 1122 2903; x_wconf 65' lang='lat' dir='ltr'><em>siptem</em></span> <span class='ocrx_word' id='word_1_298' title='bbox 1144 2841 1249 2884; x_wconf 90' lang='lat' dir='ltr'><em>Mo-</em></span> 
     </span>
     <span class='ocr_line' id='line_1_44' title="bbox 263 2903 1248 2971; baseline -0.003 -19"><span class='ocrx_word' id='word_1_299' title='bbox 263 2906 444 2952; x_wconf 68' lang='lat' dir='ltr'><em>nas‘leria</em></span> <span class='ocrx_word' id='word_1_300' title='bbox 455 2906 497 2951; x_wconf 90' lang='lat' dir='ltr'><em>in</em></span> <span class='ocrx_word' id='word_1_301' title='bbox 497 2903 567 2968; x_wconf 88' lang='lat' dir='ltr'><em>sui</em></span> <span class='ocrx_word' id='word_1_302' title='bbox 579 2904 675 2950; x_wconf 86' lang='lat' dir='ltr'><em>iuris</em></span> <span class='ocrx_word' id='word_1_303' title='bbox 680 2903 882 2970; x_wconf 79' lang='lat' dir='ltr'><em>poffi’ffione</em></span> <span class='ocrx_word' id='word_1_304' title='bbox 894 2903 1109 2965; x_wconf 84' lang='lat' dir='ltr'><em>construxit</em></span> <span class='ocrx_word' id='word_1_305' title='bbox 1121 2939 1135 2959; x_wconf 84' lang='lat'><em>,</em></span> <span class='ocrx_word' id='word_1_306' title='bbox 1170 2924 1248 2971; x_wconf 83' lang='lat' dir='ltr'><em>quae</em></span> 
     </span>
     <span class='ocr_line' id='line_1_45' title="bbox 263 2969 1249 3039; baseline -0.003 -18"><span class='ocrx_word' id='word_1_307' title='bbox 263 2994 337 3022; x_wconf 86' lang='lat' dir='ltr'><em>non</em></span> <span class='ocrx_word' id='word_1_308' title='bbox 348 2972 456 3020; x_wconf 86' lang='lat' dir='ltr'><em>modo</em></span> <span class='ocrx_word' id='word_1_309' title='bbox 462 2969 610 3039; x_wconf 70' lang='lat' dir='ltr'><em>praedz&#39;js</em></span> <span class='ocrx_word' id='word_1_310' title='bbox 623 3004 636 3024; x_wconf 86' lang='lat'><em>,</em></span> <span class='ocrx_word' id='word_1_311' title='bbox 645 2989 692 3017; x_wconf 85' lang='lat' dir='ltr'><em>ac</em></span> <span class='ocrx_word' id='word_1_312' title='bbox 704 2973 926 3036; x_wconf 69' lang='lat' dir='ltr'><em>mancipi&#39;js,</em></span> <span class='ocrx_word' id='word_1_313' title='bbox 935 2970 1013 3035; x_wconf 62' lang='lat' dir='ltr'><em>sed</em></span> <span class='ocrx_word' id='word_1_314' title='bbox 1024 2976 1152 3021; x_wconf 85' lang='lat' dir='ltr'><em>aureis</em></span> <span class='ocrx_word' id='word_1_315' title='bbox 1163 3007 1175 3027; x_wconf 87' lang='lat'><em>‚</em></span> <span class='ocrx_word' id='word_1_316' title='bbox 1189 2972 1249 3033; x_wconf 52' lang='lat' dir='ltr'><em>ff*</em></span> 
     </span>
     <span class='ocr_line' id='line_1_46' title="bbox 263 3037 1251 3109; baseline -0.001 -20"><span class='ocrx_word' id='word_1_317' title='bbox 263 3043 455 3109; x_wconf 81' lang='lat' dir='ltr'><em>argenteis</em></span> <span class='ocrx_word' id='word_1_318' title='bbox 465 3042 583 3106; x_wconf 81' lang='lat' dir='ltr'><em>uasis,</em></span> <span class='ocrx_word' id='word_1_319' title='bbox 594 3037 748 3105; x_wconf 82' lang='lat' dir='ltr'><em>diuersts</em></span> <span class='ocrx_word' id='word_1_320' title='bbox 767 3040 891 3086; x_wconf 88' lang='lat' dir='ltr'><em>etiam</em></span> <span class='ocrx_word' id='word_1_321' title='bbox 911 3038 1183 3106; x_wconf 78' lang='lat' dir='ltr'><em>Ecclefiasticis</em></span> <span class='ocrx_word' id='word_1_322' title='bbox 1194 3062 1251 3089; x_wconf 90' lang='lat' dir='ltr'><em>or-</em></span> 
     </span>
    </p>
   </div>
   <div class='ocr_carea' id='block_1_8' title="bbox 1288 169 2305 2427">
    <p class='ocr_par' dir='ltr' id='par_1_9' title="bbox 1288 169 2305 2427">
     <span class='ocr_line' id='line_1_47' title="bbox 2082 169 2201 227; baseline -0.008 -15"><span class='ocrx_word' id='word_1_323' title='bbox 2082 169 2201 227; x_wconf 48' lang='lat'><em>227⁷</em></span> 
     </span>
     <span class='ocr_line' id='line_1_48' title="bbox 1295 247 2285 319; baseline 0.01 -28"><span class='ocrx_word' id='word_1_324' title='bbox 1295 249 1497 293; x_wconf 84' lang='lat' dir='ltr'><em>namentis</em></span> <span class='ocrx_word' id='word_1_325' title='bbox 1510 248 1628 312; x_wconf 77' lang='lat' dir='ltr'><em>capio(</em></span> <span class='ocrx_word' id='word_1_326' title='bbox 1629 266 1655 292; x_wconf 85' lang='lat' dir='ltr'><em>a</em></span> <span class='ocrx_word' id='word_1_327' title='bbox 1667 247 1902 294; x_wconf 67' lang='lat' dir='ltr'><em>liberalitate</em></span> <span class='ocrx_word' id='word_1_328' title='bbox 1917 249 2068 297; x_wconf 75' lang='lat' dir='ltr'><em>dicauit</em></span> <span class='ocrx_word' id='word_1_329' title='bbox 2082 288 2091 296; x_wconf 91' lang='lat'>.</span> <span class='ocrx_word' id='word_1_330' title='bbox 2129 257 2178 297; x_wconf 79' lang='lat' dir='ltr'><em>ln</em></span> <span class='ocrx_word' id='word_1_331' title='bbox 2191 274 2285 319; x_wconf 69' lang='lat' dir='ltr'><em>quo-</em></span> 
     </span>
     <span class='ocr_line' id='line_1_49' title="bbox 1293 315 2292 385; baseline 0.008 -27"><span class='ocrx_word' id='word_1_332' title='bbox 1293 333 1382 360; x_wconf 80' lang='lat' dir='ltr'><em>rum</em></span> <span class='ocrx_word' id='word_1_333' title='bbox 1396 334 1470 360; x_wconf 84' lang='lat' dir='ltr'><em>uno</em></span> <span class='ocrx_word' id='word_1_334' title='bbox 1485 347 1497 365; x_wconf 87' lang='lat'><em>‚</em></span> <span class='ocrx_word' id='word_1_335' title='bbox 1534 316 1748 361; x_wconf 78' lang='lat' dir='ltr'><em>uenerabili</em></span> <span class='ocrx_word' id='word_1_336' title='bbox 1770 315 1952 361; x_wconf 82' lang='lat' dir='ltr'><em>uidelicet</em></span> <span class='ocrx_word' id='word_1_337' title='bbox 1967 351 1979 369; x_wconf 87' lang='grc'>,</span> <span class='ocrx_word' id='word_1_338' title='bbox 2002 337 2048 363; x_wconf 85' lang='lat' dir='ltr'><em>ac</em></span> <span class='ocrx_word' id='word_1_339' title='bbox 2071 319 2261 385; x_wconf 52' lang='lat' dir='ltr'><em>JQlt&#39;gioffi</em></span> <span class='ocrx_word' id='word_1_340' title='bbox 2275 353 2292 373; x_wconf 83' lang='lat'>‚</span> 
     </span>
     <span class='ocr_line' id='line_1_50' title="bbox 1293 380 2295 448; baseline 0.015 -28"><span class='ocrx_word' id='word_1_341' title='bbox 1293 381 1388 448; x_wconf 66' lang='lat' dir='ltr'><em>quod</em></span> <span class='ocrx_word' id='word_1_342' title='bbox 1409 383 1452 426; x_wconf 79' lang='lat' dir='ltr'><em>in</em></span> <span class='ocrx_word' id='word_1_343' title='bbox 1476 380 1651 428; x_wconf 78' lang='lat' dir='ltr'><em>honorem</em></span> <span class='ocrx_word' id='word_1_344' title='bbox 1668 384 1745 428; x_wconf 80' lang='lat' dir='ltr'><em>Dei</em></span> <span class='ocrx_word' id='word_1_345' title='bbox 1765 385 2034 430; x_wconf 70' lang='lat' dir='ltr'><em>Genitrs&#39;cisz&#39;n</em></span> <span class='ocrx_word' id='word_1_346' title='bbox 2058 385 2295 434; x_wconf 62' lang='lat' dir='ltr'><em>Florentium</em></span> 
     </span>
     <span class='ocr_line' id='line_1_51' title="bbox 1294 447 2294 509; baseline 0.007 -14"><span class='ocrx_word' id='word_1_347' title='bbox 1294 451 1454 496; x_wconf 84' lang='lat' dir='ltr'><em>ciuitate</em></span> <span class='ocrx_word' id='word_1_348' title='bbox 1468 447 1820 509; x_wconf 48' lang='lat' dir='ltr'><em>costr-ammam&amp;</em></span> <span class='ocrx_word' id='word_1_349' title='bbox 1833 449 2002 497; x_wconf 84' lang='lat' dir='ltr'><em>cadauer</em></span> <span class='ocrx_word' id='word_1_350' title='bbox 2016 455 2094 498; x_wconf 77' lang='lat' dir='ltr'><em>eius</em></span> <span class='ocrx_word' id='word_1_351' title='bbox 2106 453 2294 505; x_wconf 59' lang='lat' dir='ltr'><em>humatti4</em></span> 
     </span>
     <span class='ocr_line' id='line_1_52' title="bbox 1361 515 2293 584; baseline 0.002 -22"><span class='ocrx_word' id='word_1_352' title='bbox 1361 519 1487 563; x_wconf 85' lang='lat' dir='ltr'><em>Cuius</em></span> <span class='ocrx_word' id='word_1_353' title='bbox 1498 515 1645 562; x_wconf 85' lang='lat' dir='ltr'><em>obitum</em></span> <span class='ocrx_word' id='word_1_354' title='bbox 1658 536 1745 562; x_wconf 85' lang='lat' dir='ltr'><em>cum</em></span> <span class='ocrx_word' id='word_1_355' title='bbox 1758 519 1962 581; x_wconf 58' lang='lat' dir='ltr'><em>Augustus</em></span> <span class='ocrx_word' id='word_1_356' title='bbox 1976 552 1987 570; x_wconf 85' lang='lat'><em>‚</em></span> <span class='ocrx_word' id='word_1_357' title='bbox 1998 524 2066 584; x_wconf 88' lang='lat' dir='ltr'><em>qui</em></span> <span class='ocrx_word' id='word_1_358' title='bbox 2076 535 2162 565; x_wconf 86' lang='lat' dir='ltr'><em>tum</em></span> <span class='ocrx_word' id='word_1_359' title='bbox 2174 522 2293 569; x_wconf 63' lang='lat' dir='ltr'><em>habe„</em></span> 
     </span>
     <span class='ocr_line' id='line_1_53' title="bbox 1296 583 2293 651; baseline 0.005 -20"><span class='ocrx_word' id='word_1_360' title='bbox 1296 604 1369 632; x_wconf 86' lang='lat' dir='ltr'><em>nas</em></span> <span class='ocrx_word' id='word_1_361' title='bbox 1395 583 1545 649; x_wconf 74' lang='lat' dir='ltr'><em>regebat</em></span> <span class='ocrx_word' id='word_1_362' title='bbox 1568 588 1733 651; x_wconf 71' lang='lat' dir='ltr'><em>jmperij</em></span> <span class='ocrx_word' id='word_1_363' title='bbox 1758 618 1771 637; x_wconf 85' lang='lat'><em>‚</em></span> <span class='ocrx_word' id='word_1_364' title='bbox 1807 584 1905 632; x_wconf 76' lang='lat' dir='ltr'><em>Otho</em></span> <span class='ocrx_word' id='word_1_365' title='bbox 1926 585 2109 633; x_wconf 84' lang='lat' dir='ltr'><em>uidelicet</em></span> <span class='ocrx_word' id='word_1_366' title='bbox 2133 593 2293 636; x_wconf 79' lang='lat' dir='ltr'><em>Tertius</em></span> 
     </span>
     <span class='ocr_line' id='line_1_54' title="bbox 1297 651 2295 719; baseline 0.002 -20"><span class='ocrx_word' id='word_1_367' title='bbox 1297 673 1321 699; x_wconf 90' lang='lat' dir='ltr'><em>a</em></span> <span class='ocrx_word' id='word_1_368' title='bbox 1321 655 1511 719; x_wconf 70' lang='lat' dir='ltr'><em>gnomsset</em></span> <span class='ocrx_word' id='word_1_369' title='bbox 1524 686 1537 704; x_wconf 83' lang='grc'>,</span> <span class='ocrx_word' id='word_1_370' title='bbox 1552 654 1645 717; x_wconf 85' lang='lat' dir='ltr'><em>quia</em></span> <span class='ocrx_word' id='word_1_371' title='bbox 1657 651 1829 718; x_wconf 83' lang='lat' dir='ltr'><em>quodam</em></span> <span class='ocrx_word' id='word_1_372' title='bbox 1844 651 2029 718; x_wconf 76' lang='lat' dir='ltr'><em>aduersus</em></span> <span class='ocrx_word' id='word_1_373' title='bbox 2041 672 2131 699; x_wconf 85' lang='lat' dir='ltr'><em>eum</em></span> <span class='ocrx_word' id='word_1_374' title='bbox 2140 654 2295 718; x_wconf 85' lang='lat' dir='ltr'><em>stimu-</em></span> 
     </span>
     <span class='ocr_line' id='line_1_55' title="bbox 1297 718 2295 786; baseline 0.001 -19"><span class='ocrx_word' id='word_1_375' title='bbox 1297 722 1331 769; x_wconf 90' lang='lat' dir='ltr'><em>lo</em></span> <span class='ocrx_word' id='word_1_376' title='bbox 1344 718 1586 768; x_wconf 80' lang='lat' dir='ltr'><em>mordebatur</em></span> <span class='ocrx_word' id='word_1_377' title='bbox 1598 719 1758 768; x_wconf 66' lang='lat' dir='ltr'><em>inuidia</em></span> <span class='ocrx_word' id='word_1_378' title='bbox 1774 754 1787 774; x_wconf 83' lang='lat'><em>,</em></span> <span class='ocrx_word' id='word_1_379' title='bbox 1796 723 1973 786; x_wconf 78' lang='lat' dir='ltr'><em>protinus</em></span> <span class='ocrx_word' id='word_1_380' title='bbox 1983 723 2026 767; x_wconf 83' lang='lat' dir='ltr'><em>in</em></span> <span class='ocrx_word' id='word_1_381' title='bbox 2038 721 2140 770; x_wconf 78' lang='lat' dir='ltr'><em>hanc</em></span> <span class='ocrx_word' id='word_1_382' title='bbox 2162 742 2295 769; x_wconf 85' lang='lat' dir='ltr'><em>uocem</em></span> 
     </span>
     <span class='ocr_line' id='line_1_56' title="bbox 1291 786 2296 856; baseline 0.003 -22"><span class='ocrx_word' id='word_1_383' title='bbox 1291 786 1614 856; x_wconf 75' lang='lat' dir='ltr'><em>gratulabundus</em></span> <span class='ocrx_word' id='word_1_384' title='bbox 1624 789 1746 854; x_wconf 76' lang='lat' dir='ltr'><em>erupit</em></span> <span class='ocrx_word' id='word_1_385' title='bbox 1761 808 1773 832; x_wconf 93' lang='lat'><em>.·</em></span> <span class='ocrx_word' id='word_1_386' title='bbox 1810 792 2000 854; x_wconf 83' lang='lat' dir='ltr'><em>Laqueus</em></span> <span class='ocrx_word' id='word_1_387' title='bbox 2021 792 2203 837; x_wconf 80' lang='lat' dir='ltr'><em>&#39;contritus</em></span> <span class='ocrx_word' id='word_1_388' title='bbox 2220 789 2271 852; x_wconf 76' lang='lat' dir='ltr'><em>cst</em></span> <span class='ocrx_word' id='word_1_389' title='bbox 2283 823 2296 842; x_wconf 86' lang='lat'>‚</span> 
     </span>
     <span class='ocr_line' id='line_1_57' title="bbox 1297 854 2296 923; baseline 0.001 -21"><span class='ocrx_word' id='word_1_390' title='bbox 1297 857 1354 917; x_wconf 54' lang='lat' dir='ltr'><em>ff*</em></span> <span class='ocrx_word' id='word_1_391' title='bbox 1366 877 1429 903; x_wconf 81' lang='lat' dir='ltr'><em>nos</em></span> <span class='ocrx_word' id='word_1_392' title='bbox 1441 854 1596 902; x_wconf 85' lang='lat' dir='ltr'><em>liberati</em></span> <span class='ocrx_word' id='word_1_393' title='bbox 1604 856 1748 919; x_wconf 65' lang='lat' dir='ltr'><em>stamus</em></span> <span class='ocrx_word' id='word_1_394' title='bbox 1767 893 1775 901; x_wconf 91' lang='lat'><strong>.</strong></span> <span class='ocrx_word' id='word_1_395' title='bbox 1815 857 1894 903; x_wconf 81' lang='lat' dir='ltr'><em>Sed</em></span> <span class='ocrx_word' id='word_1_396' title='bbox 1901 857 2020 920; x_wconf 70' lang='lat' dir='ltr'><em>paulo</em></span> <span class='ocrx_word' id='word_1_397' title='bbox 2037 859 2121 923; x_wconf 73' lang='lat' dir='ltr'><em>post</em></span> <span class='ocrx_word' id='word_1_398' title='bbox 2133 891 2145 911; x_wconf 88' lang='lat'><em>,</em></span> <span class='ocrx_word' id='word_1_399' title='bbox 2166 856 2296 905; x_wconf 85' lang='lat' dir='ltr'><em>eodem</em></span> 
     </span>
     <span class='ocr_line' id='line_1_58' title="bbox 1296 921 2298 992; baseline 0.001 -21"><span class='ocrx_word' id='word_1_400' title='bbox 1296 924 1445 987; x_wconf 71' lang='lat' dir='ltr'><em>scilicet</em></span> <span class='ocrx_word' id='word_1_401' title='bbox 1457 943 1576 976; x_wconf 82' lang='lat' dir='ltr'><em>anno,</em></span> <span class='ocrx_word' id='word_1_402' title='bbox 1592 923 1651 982; x_wconf 66' lang='lat' dir='ltr'><em>(ds</em></span> <span class='ocrx_word' id='word_1_403' title='bbox 1661 924 1740 987; x_wconf 73' lang='lat' dir='ltr'><em>ipse</em></span> <span class='ocrx_word' id='word_1_404' title='bbox 1755 921 1971 988; x_wconf 52' lang='lat' dir='ltr'><em>desuntque</em></span> <span class='ocrx_word' id='word_1_405' title='bbox 1981 931 2040 973; x_wconf 61' lang='lat' dir='ltr'><em>essi</em></span> <span class='ocrx_word' id='word_1_406' title='bbox 2054 964 2062 972; x_wconf 95' lang='lat'><strong><em>.</em></strong></span> <span class='ocrx_word' id='word_1_407' title='bbox 2082 931 2112 971; x_wconf 78' lang='lat' dir='ltr'><em>S</em></span> <span class='ocrx_word' id='word_1_408' title='bbox 2113 928 2149 972; x_wconf 86' lang='lat' dir='ltr'><em>ic</em></span> <span class='ocrx_word' id='word_1_409' title='bbox 2162 928 2298 992; x_wconf 84' lang='lat' dir='ltr'><em>itaque</em></span> 
     </span>
     <span class='ocr_line' id='line_1_59' title="bbox 1288 988 2299 1059; baseline 0.001 -21"><span class='ocrx_word' id='word_1_410' title='bbox 1288 988 1414 1057; x_wconf 67' lang='lat' dir='ltr'><em>ssiam</em></span> <span class='ocrx_word' id='word_1_411' title='bbox 1426 990 1665 1057; x_wconf 79' lang='lat' dir='ltr'><em>improuidus</em></span> <span class='ocrx_word' id='word_1_412' title='bbox 1672 992 1830 1056; x_wconf 74' lang='lat' dir='ltr'><em>pertulit</em></span> <span class='ocrx_word' id='word_1_413' title='bbox 1846 1026 1858 1045; x_wconf 83' lang='lat'><em>‚</em></span> <span class='ocrx_word' id='word_1_414' title='bbox 1869 996 1937 1059; x_wconf 88' lang='lat' dir='ltr'><em>qui</em></span> <span class='ocrx_word' id='word_1_415' title='bbox 1948 993 1996 1040; x_wconf 84' lang='lat' dir='ltr'><em>de</em></span> <span class='ocrx_word' id='word_1_416' title='bbox 2005 1012 2120 1042; x_wconf 89' lang='lat' dir='ltr'><em>morte</em></span> <span class='ocrx_word' id='word_1_417' title='bbox 2131 993 2299 1048; x_wconf 71' lang='lat' dir='ltr'><em>alterius</em></span> 
     </span>
     <span class='ocr_line' id='line_1_60' title="bbox 1288 1056 2298 1129; baseline 0.001 -22"><span class='ocrx_word' id='word_1_418' title='bbox 1288 1056 1474 1127; x_wconf 60' lang='lat' dir='ltr'><em>&gt;nequiter</em></span> <span class='ocrx_word' id='word_1_419' title='bbox 1488 1059 1711 1112; x_wconf 82' lang='lat' dir='ltr'><em>exultauit,</em></span> <span class='ocrx_word' id='word_1_420' title='bbox 1722 1080 1795 1106; x_wconf 84' lang='lat' dir='ltr'><em>non</em></span> <span class='ocrx_word' id='word_1_421' title='bbox 1809 1060 2014 1110; x_wconf 82' lang='lat' dir='ltr'><em>attendens</em></span> <span class='ocrx_word' id='word_1_422' title='bbox 2026 1062 2086 1116; x_wconf 85' lang='lat' dir='ltr'><em>id,</em></span> <span class='ocrx_word' id='word_1_423' title='bbox 2122 1061 2222 1129; x_wconf 85' lang='lat' dir='ltr'><em>quod</em></span> <span class='ocrx_word' id='word_1_424' title='bbox 2237 1064 2298 1109; x_wconf 91' lang='lat' dir='ltr'><em>uir</em></span> 
     </span>
     <span class='ocr_line' id='line_1_61' title="bbox 1291 1124 2298 1198; baseline 0.004 -23"><span class='ocrx_word' id='word_1_425' title='bbox 1291 1130 1453 1195; x_wconf 69' lang='lat' dir='ltr'><em>staplen&lt;</em></span> <span class='ocrx_word' id='word_1_426' title='bbox 1468 1130 1530 1175; x_wconf 88' lang='lat' dir='ltr'><em>ait</em></span> <span class='ocrx_word' id='word_1_427' title='bbox 1553 1148 1565 1173; x_wconf 90' lang='lat'><em>.·</em></span> <span class='ocrx_word' id='word_1_428' title='bbox 1601 1124 1619 1152; x_wconf 72' lang='lat' dir='ltr'>b</span> <span class='ocrx_word' id='word_1_429' title='bbox 1653 1126 1751 1175; x_wconf 63' lang='lat' dir='ltr'><em>fNoli</em></span> <span class='ocrx_word' id='word_1_430' title='bbox 1765 1129 1811 1177; x_wconf 88' lang='lat' dir='ltr'><em>de</em></span> <span class='ocrx_word' id='word_1_431' title='bbox 1823 1147 1970 1178; x_wconf 87' lang='lat' dir='ltr'><em>mortuo</em></span> <span class='ocrx_word' id='word_1_432' title='bbox 1981 1133 2142 1179; x_wconf 86' lang='lat' dir='ltr'><em>inimico</em></span> <span class='ocrx_word' id='word_1_433' title='bbox 2146 1128 2298 1198; x_wconf 76' lang='lat' dir='ltr'><em>gaude·-</em></span> 
     </span>
     <span class='ocr_line' id='line_1_62' title="bbox 1300 1197 2290 1262; baseline 0.002 -18"><span class='ocrx_word' id='word_1_434' title='bbox 1300 1218 1338 1245; x_wconf 90' lang='lat' dir='ltr'><em>re</em></span> <span class='ocrx_word' id='word_1_435' title='bbox 1352 1197 1506 1260; x_wconf 76' lang='lat' dir='ltr'><em>,sciens</em></span> <span class='ocrx_word' id='word_1_436' title='bbox 1520 1198 1707 1262; x_wconf 83' lang='lat' dir='ltr'><em>quoniam</em></span> <span class='ocrx_word' id='word_1_437' title='bbox 1729 1216 1860 1245; x_wconf 85' lang='lat' dir='ltr'><em>omncs</em></span> <span class='ocrx_word' id='word_1_438' title='bbox 1880 1202 2072 1246; x_wconf 87' lang='lat' dir='ltr'><em>morimur</em></span> <span class='ocrx_word' id='word_1_439' title='bbox 2085 1237 2093 1245; x_wconf 93' lang='lat'>.</span> <span class='ocrx_word' id='word_1_440' title='bbox 2288 1237 2290 1239; x_wconf 85' lang='lat'>-</span> 
     </span>
     <span class='ocr_line' id='line_1_63' title="bbox 1369 1262 2302 1334; baseline 0.008 -26"><span class='ocrx_word' id='word_1_441' title='bbox 1369 1266 1483 1310; x_wconf 87' lang='lat' dir='ltr'><em>Hinc</em></span> <span class='ocrx_word' id='word_1_442' title='bbox 1497 1262 1669 1311; x_wconf 81' lang='lat' dir='ltr'><em>deducit</em></span> <span class='ocrx_word' id='word_1_443' title='bbox 1682 1267 1884 1312; x_wconf 75' lang='lat' dir='ltr'><em>Batonius</em></span> <span class='ocrx_word' id='word_1_444' title='bbox 1910 1265 2023 1313; x_wconf 87' lang='lat' dir='ltr'><em>hunc</em></span> <span class='ocrx_word' id='word_1_445' title='bbox 2047 1269 2302 1334; x_wconf 77' lang='lat' dir='ltr'><em>Hugonem‚</em></span> 
     </span>
     <span class='ocr_line' id='line_1_64' title="bbox 1301 1331 2303 1400; baseline 0.004 -22"><span class='ocrx_word' id='word_1_446' title='bbox 1301 1335 1400 1400; x_wconf 86' lang='lat' dir='ltr'><em>quia</em></span> <span class='ocrx_word' id='word_1_447' title='bbox 1412 1331 1581 1380; x_wconf 81' lang='lat' dir='ltr'><em>Othoni</em></span> <span class='ocrx_word' id='word_1_448' title='bbox 1597 1334 1670 1377; x_wconf 81' lang='grc' dir='ltr'><em>ΠΙ.</em></span> <span class='ocrx_word' id='word_1_449' title='bbox 1687 1350 1998 1399; x_wconf 61' lang='lat' dir='ltr'><em>praemortuum</em></span> <span class='ocrx_word' id='word_1_450' title='bbox 2021 1352 2109 1382; x_wconf 89' lang='lat' dir='ltr'><em>non</em></span> <span class='ocrx_word' id='word_1_451' title='bbox 2131 1333 2303 1383; x_wconf 85' lang='lat' dir='ltr'><em>adfuisse</em></span> 
     </span>
     <span class='ocr_line' id='line_1_65' title="bbox 1301 1400 2296 1469; baseline 0.004 -23"><span class='ocrx_word' id='word_1_452' title='bbox 1301 1404 1345 1446; x_wconf 91' lang='lat' dir='ltr'><em>in</em></span> <span class='ocrx_word' id='word_1_453' title='bbox 1358 1404 1558 1448; x_wconf 83' lang='lat' dir='ltr'><em>Romano</em></span> <span class='ocrx_word' id='word_1_454' title='bbox 1570 1400 1757 1447; x_wconf 80' lang='lat' dir='ltr'><em>tumultu</em></span> <span class='ocrx_word' id='word_1_455' title='bbox 1772 1422 1784 1458; x_wconf 77' lang='lat'>5</span> <span class='ocrx_word' id='word_1_456' title='bbox 1808 1402 1929 1469; x_wconf 84' lang='lat' dir='ltr'><em>quod</em></span> <span class='ocrx_word' id='word_1_457' title='bbox 1943 1419 2085 1450; x_wconf 80' lang='lat' dir='ltr'><em>tamen</em></span> <span class='ocrx_word' id='word_1_458' title='bbox 2097 1400 2296 1451; x_wconf 66' lang='lat' dir='ltr'><em>facillime</em></span> 
     </span>
     <span class='ocr_line' id='line_1_66' title="bbox 1304 1466 2297 1536; baseline 0.004 -21"><span class='ocrx_word' id='word_1_459' title='bbox 1304 1469 1465 1516; x_wconf 86' lang='lat' dir='ltr'><em>tolleres</em></span> <span class='ocrx_word' id='word_1_460' title='bbox 1480 1504 1493 1523; x_wconf 86' lang='grc'>,</span> <span class='ocrx_word' id='word_1_461' title='bbox 1505 1466 1536 1516; x_wconf 84' lang='lat' dir='ltr'><em>si</em></span> <span class='ocrx_word' id='word_1_462' title='bbox 1547 1471 1743 1536; x_wconf 84' lang='lat' dir='ltr'><em>Hugonis</em></span> <span class='ocrx_word' id='word_1_463' title='bbox 1757 1468 1927 1517; x_wconf 85' lang='lat' dir='ltr'><em>obitum</em></span> <span class='ocrx_word' id='word_1_464' title='bbox 1940 1470 2082 1518; x_wconf 89' lang='lat' dir='ltr'><em>mense</em></span> <span class='ocrx_word' id='word_1_465' title='bbox 2103 1474 2297 1519; x_wconf 83' lang='lat' dir='ltr'><em>Ianuario</em></span> 
     </span>
     <span class='ocr_line' id='line_1_67' title="bbox 1303 1535 2299 1594; baseline 0.005 -12"><span class='ocrx_word' id='word_1_466' title='bbox 1303 1535 1489 1584; x_wconf 67' lang='lat' dir='ltr'><em>accidisse</em></span> <span class='ocrx_word' id='word_1_467' title='bbox 1503 1537 1696 1584; x_wconf 85' lang='lat' dir='ltr'><em>aduertas</em></span> <span class='ocrx_word' id='word_1_468' title='bbox 1708 1560 1720 1594; x_wconf 85' lang='lat'><em>‚-</em></span> <span class='ocrx_word' id='word_1_469' title='bbox 1758 1535 1945 1586; x_wconf 86' lang='lat' dir='ltr'><em>Othonis</em></span> <span class='ocrx_word' id='word_1_470' title='bbox 1959 1539 2059 1587; x_wconf 76' lang='lat' dir='ltr'><em>vero</em></span> <span class='ocrx_word' id='word_1_471' title='bbox 2072 1539 2213 1587; x_wconf 89' lang='lat' dir='ltr'><em>mense</em></span> <span class='ocrx_word' id='word_1_472' title='bbox 2227 1545 2299 1587; x_wconf 78' lang='lat' dir='ltr'><em>Fe-</em></span> 
     </span>
     <span class='ocr_line' id='line_1_68' title="bbox 1303 1604 2302 1676; baseline 0.002 -24"><span class='ocrx_word' id='word_1_473' title='bbox 1303 1606 1458 1668; x_wconf 83' lang='lat' dir='ltr'><em>bruarij</em></span> <span class='ocrx_word' id='word_1_474' title='bbox 1474 1641 1488 1660; x_wconf 84' lang='lat'><em>‚</em></span> <span class='ocrx_word' id='word_1_475' title='bbox 1500 1604 1651 1673; x_wconf 83' lang='lat' dir='ltr'><em>quibus</em></span> <span class='ocrx_word' id='word_1_476' title='bbox 1673 1608 1823 1652; x_wconf 86' lang='lat' dir='ltr'><em>Annus</em></span> <span class='ocrx_word' id='word_1_477' title='bbox 1841 1606 1924 1653; x_wconf 91' lang='lat' dir='ltr'><em>dici</em></span> <span class='ocrx_word' id='word_1_478' title='bbox 1937 1608 2072 1676; x_wconf 81' lang='lat' dir='ltr'><em>potest</em></span> <span class='ocrx_word' id='word_1_479' title='bbox 2083 1605 2197 1656; x_wconf 79' lang='lat' dir='ltr'><em>fuiffe</em></span> <span class='ocrx_word' id='word_1_480' title='bbox 2211 1609 2302 1655; x_wconf 64' lang='lat' dir='ltr'><em>tam</em></span> 
     </span>
     <span class='ocr_line' id='line_1_69' title="bbox 1304 1673 2301 1742; baseline 0.001 -21"><span class='ocrx_word' id='word_1_481' title='bbox 1304 1673 1546 1721; x_wconf 84' lang='lat' dir='ltr'><em>millesimus</em></span> <span class='ocrx_word' id='word_1_482' title='bbox 1560 1676 1826 1742; x_wconf 72' lang='lat' dir='ltr'><em>primus‚qua</em></span> <span class='ocrx_word' id='word_1_483' title='bbox 1842 1674 2085 1723; x_wconf 79' lang='lat' dir='ltr'><em>millesimus</em></span> <span class='ocrx_word' id='word_1_484' title='bbox 2095 1675 2301 1730; x_wconf 69' lang='lat' dir='ltr'><em>secundus</em></span> 
     </span>
     <span class='ocr_line' id='line_1_70' title="bbox 1306 1742 2303 1812; baseline 0 -23"><span class='ocrx_word' id='word_1_485' title='bbox 1306 1760 1480 1812; x_wconf 83' lang='lat' dir='ltr'><em>propter</em></span> <span class='ocrx_word' id='word_1_486' title='bbox 1492 1742 1841 1810; x_wconf 80' lang='lat' dir='ltr'><em>supputationem</em></span> <span class='ocrx_word' id='word_1_487' title='bbox 1853 1762 1986 1811; x_wconf 83' lang='lat' dir='ltr'><em>quam</em></span> <span class='ocrx_word' id='word_1_488' title='bbox 2007 1744 2071 1809; x_wconf 83' lang='lat' dir='ltr'><em>alij</em></span> <span class='ocrx_word' id='word_1_489' title='bbox 2086 1745 2110 1792; x_wconf 69' lang='grc' dir='ltr'><em>εἰ</em></span> <span class='ocrx_word' id='word_1_490' title='bbox 2121 1745 2303 1792; x_wconf 80' lang='lat' dir='ltr'><em>Domini</em></span> 
     </span>
     <span class='ocr_line' id='line_1_71' title="bbox 1305 1812 2299 1875; baseline 0.003 -16"><span class='ocrx_word' id='word_1_491' title='bbox 1305 1812 1522 1859; x_wconf 86' lang='lat' dir='ltr'><em>deducunt</em></span> <span class='ocrx_word' id='word_1_492' title='bbox 1547 1814 1784 1859; x_wconf 82' lang='lat' dir='ltr'><em>Natiuitate</em></span> <span class='ocrx_word' id='word_1_493' title='bbox 1798 1812 1884 1875; x_wconf 82' lang='lat' dir='ltr'><em>,alij</em></span> <span class='ocrx_word' id='word_1_494' title='bbox 1906 1812 1958 1860; x_wconf 84' lang='lat' dir='ltr'><em>ab</em></span> <span class='ocrx_word' id='word_1_495' title='bbox 1978 1816 2299 1862; x_wconf 67' lang='lat' dir='ltr'><em>Incarnatione&#39;.</em></span> 
     </span>
     <span class='ocr_line' id='line_1_72' title="bbox 1308 1879 2304 1930; baseline 0.004 -4"><span class='ocrx_word' id='word_1_496' title='bbox 1308 1880 1495 1927; x_wconf 81' lang='lat' dir='ltr'><em>Deducit</em></span> <span class='ocrx_word' id='word_1_497' title='bbox 1516 1879 1696 1927; x_wconf 79' lang='lat' dir='ltr'><em>secundo</em></span> <span class='ocrx_word' id='word_1_498' title='bbox 1721 1883 1923 1928; x_wconf 82' lang='lat' dir='ltr'><em>Baronius</em></span> <span class='ocrx_word' id='word_1_499' title='bbox 1947 1901 2031 1930; x_wconf 88' lang='lat' dir='ltr'><em>non</em></span> <span class='ocrx_word' id='word_1_500' title='bbox 2057 1880 2140 1930; x_wconf 81' lang='lat' dir='ltr'><em>fine</em></span> <span class='ocrx_word' id='word_1_501' title='bbox 2153 1886 2304 1930; x_wconf 82' lang='lat' dir='ltr'><em>iniuria</em></span> 
     </span>
     <span class='ocr_line' id='line_1_73' title="bbox 1309 1949 2305 1999; baseline 0.002 -3"><span class='ocrx_word' id='word_1_502' title='bbox 1309 1951 1489 1996; x_wconf 82' lang='lat' dir='ltr'><em>nationis</em></span> <span class='ocrx_word' id='word_1_503' title='bbox 1504 1951 1716 1995; x_wconf 81' lang='lat' dir='ltr'><em>nominari</em></span> <span class='ocrx_word' id='word_1_504' title='bbox 1728 1949 2028 1998; x_wconf 84' lang='lat' dir='ltr'><em>Marchioncm</em></span> <span class='ocrx_word' id='word_1_505' title='bbox 2043 1951 2305 1999; x_wconf 82' lang='lat' dir='ltr'><em>Brandebur-</em></span> 
     </span>
     <span class='ocr_line' id='line_1_74' title="bbox 1310 2015 2304 2087; baseline 0.003 -23"><span class='ocrx_word' id='word_1_506' title='bbox 1310 2017 1479 2087; x_wconf 84' lang='lat' dir='ltr'><em>gensem</em></span> <span class='ocrx_word' id='word_1_507' title='bbox 1494 2053 1507 2072; x_wconf 85' lang='lat'><em>‚</em></span> <span class='ocrx_word' id='word_1_508' title='bbox 1543 2035 1643 2064; x_wconf 89' lang='lat' dir='ltr'><em>cum</em></span> <span class='ocrx_word' id='word_1_509' title='bbox 1656 2015 1784 2064; x_wconf 89' lang='lat' dir='ltr'><em>fuerit</em></span> <span class='ocrx_word' id='word_1_510' title='bbox 1795 2017 1921 2064; x_wconf 83' lang='lat' dir='ltr'><em>Italus</em></span> <span class='ocrx_word' id='word_1_511' title='bbox 1936 2057 1944 2065; x_wconf 94' lang='lat'>.</span> <span class='ocrx_word' id='word_1_512' title='bbox 1983 2022 2032 2066; x_wconf 91' lang='lat' dir='ltr'><em>In</em></span> <span class='ocrx_word' id='word_1_513' title='bbox 2055 2018 2136 2067; x_wconf 81' lang='lat' dir='ltr'><em>hoc</em></span> <span class='ocrx_word' id='word_1_514' title='bbox 2149 2024 2304 2067; x_wconf 57' lang='lat' dir='ltr'><em>etiam,</em></span> 
     </span>
     <span class='ocr_line' id='line_1_75' title="bbox 1312 2084 2301 2156; baseline 0.002 -22"><span class='ocrx_word' id='word_1_515' title='bbox 1312 2089 1491 2134; x_wconf 88' lang='lat' dir='ltr'><em>Baronio</em></span> <span class='ocrx_word' id='word_1_516' title='bbox 1506 2084 1738 2133; x_wconf 77' lang='lat' dir='ltr'><em>latisfacerc</em></span> <span class='ocrx_word' id='word_1_517' title='bbox 1759 2086 1890 2154; x_wconf 88' lang='lat' dir='ltr'><em>posset</em></span> <span class='ocrx_word' id='word_1_518' title='bbox 1913 2087 2301 2156; x_wconf 67' lang='lat' dir='ltr'><em>Sigcbertusdicen‘-</em></span> 
     </span>
     <span class='ocr_line' id='line_1_76' title="bbox 1309 2154 2303 2224; baseline 0.001 -21"><span class='ocrx_word' id='word_1_519' title='bbox 1309 2156 1387 2203; x_wconf 91' lang='lat' dir='ltr'><em>do:</em></span> <span class='ocrx_word' id='word_1_520' title='bbox 1426 2155 1530 2223; x_wconf 89' lang='lat' dir='ltr'><em>quid</em></span> <span class='ocrx_word' id='word_1_521' title='bbox 1543 2154 1739 2223; x_wconf 81' lang='lat' dir='ltr'><em>prohibet</em></span> <span class='ocrx_word' id='word_1_522' title='bbox 1762 2155 1892 2202; x_wconf 85' lang='lat' dir='ltr'><em>alium</em></span> <span class='ocrx_word' id='word_1_523' title='bbox 1913 2159 2146 2224; x_wconf 79' lang='lat' dir='ltr'><em>Hugonem</em></span> <span class='ocrx_word' id='word_1_524' title='bbox 2183 2161 2303 2203; x_wconf 83' lang='lat' dir='ltr'><em>Mar-</em></span> 
     </span>
     <span class='ocr_line' id='line_1_77' title="bbox 1310 2222 2302 2290; baseline 0 -19"><span class='ocrx_word' id='word_1_525' title='bbox 1310 2223 1510 2271; x_wconf 84' lang='lat' dir='ltr'><em>chionem</em></span> <span class='ocrx_word' id='word_1_526' title='bbox 1522 2222 1939 2290; x_wconf 77' lang='lat' dir='ltr'><em>Brandeburgenlem</em></span> <span class='ocrx_word' id='word_1_527' title='bbox 1949 2228 2139 2274; x_wconf 82' lang='lat' dir='ltr'><em>Romam</em></span> <span class='ocrx_word' id='word_1_528' title='bbox 2160 2243 2302 2272; x_wconf 85' lang='lat' dir='ltr'><em>accur-</em></span> 
     </span>
     <span class='ocr_line' id='line_1_78' title="bbox 1313 2290 2303 2362; baseline 0.002 -23"><span class='ocrx_word' id='word_1_529' title='bbox 1313 2290 1401 2339; x_wconf 83' lang='lat' dir='ltr'><em>riffe</em></span> <span class='ocrx_word' id='word_1_530' title='bbox 1416 2295 1459 2338; x_wconf 90' lang='lat' dir='ltr'><em>in</em></span> <span class='ocrx_word' id='word_1_531' title='bbox 1470 2293 1742 2360; x_wconf 80' lang='lat' dir='ltr'><em>Imperatoris</em></span> <span class='ocrx_word' id='word_1_532' title='bbox 1753 2293 1984 2360; x_wconf 78' lang='lat' dir='ltr'><em>iuppetias?</em></span> <span class='ocrx_word' id='word_1_533' title='bbox 2010 2312 2098 2362; x_wconf 86' lang='lat' dir='ltr'><em>quo</em></span> <span class='ocrx_word' id='word_1_534' title='bbox 2118 2293 2216 2340; x_wconf 84' lang='lat' dir='ltr'><em>dato</em></span> <span class='ocrx_word' id='word_1_535' title='bbox 2228 2297 2303 2341; x_wconf 75' lang='lat' dir='ltr'><em>Pe-</em></span> 
     </span>
     <span class='ocr_line' id='line_1_79' title="bbox 1316 2358 2300 2427; baseline 0 -19"><span class='ocrx_word' id='word_1_536' title='bbox 1316 2378 1401 2408; x_wconf 86' lang='lat' dir='ltr'><em>trus</em></span> <span class='ocrx_word' id='word_1_537' title='bbox 1413 2363 1614 2407; x_wconf 80' lang='lat' dir='ltr'><em>Damiani</em></span> <span class='ocrx_word' id='word_1_538' title='bbox 1638 2358 1854 2427; x_wconf 83' lang='lat' dir='ltr'><em>Sigeberto</em></span> <span class='ocrx_word' id='word_1_539' title='bbox 1876 2364 2055 2408; x_wconf 87' lang='lat' dir='ltr'><em>minime</em></span> <span class='ocrx_word' id='word_1_540' title='bbox 2067 2360 2300 2410; x_wconf 59' lang='lat' dir='ltr'><em>aduersare-</em></span> 
     </span>
    </p>
   </div>
   <div class='ocr_carea' id='block_1_9' title="bbox 1315 2426 2301 2497">
    <p class='ocr_par' dir='ltr' id='par_1_10' title="bbox 1315 2426 2301 2497">
     <span class='ocr_line' id='line_1_80' title="bbox 1315 2426 2301 2497; baseline 0.006 -23"><span class='ocrx_word' id='word_1_541' title='bbox 1315 2446 1404 2475; x_wconf 85' lang='lat' dir='ltr'><em>tur.</em></span> <span class='ocrx_word' id='word_1_542' title='bbox 1445 2429 1575 2493; x_wconf 62' lang='lat' dir='ltr'><em>(Qod</em></span> <span class='ocrx_word' id='word_1_543' title='bbox 1599 2426 1629 2473; x_wconf 79' lang='lat' dir='ltr'><em>[i</em></span> <span class='ocrx_word' id='word_1_544' title='bbox 1654 2445 1798 2497; x_wconf 78' lang='lat' dir='ltr'><em>vrgeat</em></span> <span class='ocrx_word' id='word_1_545' title='bbox 1823 2433 2025 2476; x_wconf 74' lang='lat' dir='ltr'><em>Batonius</em></span> <span class='ocrx_word' id='word_1_546' title='bbox 2047 2433 2301 2480; x_wconf 53' lang='lat' dir='ltr'><em>Huoonem„</em></span> 
     </span>
    </p>
   </div>
   <div class='ocr_carea' id='block_1_10' title="bbox 1307 2472 2301 2975">
    <p class='ocr_par' dir='ltr' id='par_1_11' title="bbox 1307 2472 2301 2975">
     <span class='ocr_line' id='line_1_81' title="bbox 1316 2472 2300 2547; baseline 0.001 -4"><span class='ocrx_word' id='word_1_547' title='bbox 1316 2495 1508 2543; x_wconf 76' lang='lat' dir='ltr'><em>Thusciae</em></span> <span class='ocrx_word' id='word_1_548' title='bbox 1521 2495 1821 2544; x_wconf 82' lang='lat' dir='ltr'><em>Marchionem</em></span> <span class='ocrx_word' id='word_1_549' title='bbox 1834 2496 2000 2546; x_wconf 83' lang='lat' dir='ltr'><em>Othoni</em></span> <span class='ocrx_word' id='word_1_550' title='bbox 2011 2500 2083 2545; x_wconf 85' lang='lat' dir='ltr'>III.</span> <span class='ocrx_word' id='word_1_551' title='bbox 2108 2472 2221 2547; x_wconf 64' lang='lat' dir='ltr'><em>fiiissc</em></span> <span class='ocrx_word' id='word_1_552' title='bbox 2233 2498 2300 2544; x_wconf 86' lang='lat' dir='ltr'><em>su-</em></span> 
     </span>
     <span class='ocr_line' id='line_1_82' title="bbox 1314 2563 2301 2633; baseline 0.002 -21"><span class='ocrx_word' id='word_1_553' title='bbox 1314 2563 1505 2633; x_wconf 56' lang='lat' dir='ltr'><em>spectum</em></span> <span class='ocrx_word' id='word_1_554' title='bbox 1518 2569 1722 2615; x_wconf 83' lang='lat' dir='ltr'><em>Damiani</em></span> <span class='ocrx_word' id='word_1_555' title='bbox 1744 2563 1842 2612; x_wconf 87' lang='lat' dir='ltr'><em>teste</em></span> <span class='ocrx_word' id='word_1_556' title='bbox 1854 2600 1868 2619; x_wconf 84' lang='lat'><em>,</em></span> <span class='ocrx_word' id='word_1_557' title='bbox 1905 2566 2012 2614; x_wconf 89' lang='lat' dir='ltr'><em>vnde</em></span> <span class='ocrx_word' id='word_1_558' title='bbox 2035 2570 2078 2613; x_wconf 85' lang='lat' dir='ltr'><em>in</em></span> <span class='ocrx_word' id='word_1_559' title='bbox 2102 2572 2301 2616; x_wconf 82' lang='lat' dir='ltr'><em>Romano</em></span> 
     </span>
     <span class='ocr_line' id='line_1_83' title="bbox 1314 2630 2299 2703; baseline 0.001 -24"><span class='ocrx_word' id='word_1_560' title='bbox 1314 2633 1500 2679; x_wconf 84' lang='lat' dir='ltr'><em>tumultu</em></span> <span class='ocrx_word' id='word_1_561' title='bbox 1514 2632 1624 2680; x_wconf 81' lang='lat' dir='ltr'><em>haud</em></span> <span class='ocrx_word' id='word_1_562' title='bbox 1638 2630 1748 2701; x_wconf 80' lang='lat' dir='ltr'><em>posse</em></span> <span class='ocrx_word' id='word_1_563' title='bbox 1760 2633 1884 2680; x_wconf 87' lang='lat' dir='ltr'><em>locari</em></span> <span class='ocrx_word' id='word_1_564' title='bbox 1897 2636 1939 2681; x_wconf 84' lang='lat' dir='ltr'><em>in</em></span> <span class='ocrx_word' id='word_1_565' title='bbox 1953 2634 2141 2703; x_wconf 77' lang='lat' dir='ltr'><em>partibus</em></span> <span class='ocrx_word' id='word_1_566' title='bbox 2152 2634 2299 2683; x_wconf 82' lang='lat' dir='ltr'><em>Otho-</em></span> 
     </span>
     <span class='ocr_line' id='line_1_84' title="bbox 1312 2701 2299 2771; baseline 0.001 -23"><span class='ocrx_word' id='word_1_567' title='bbox 1312 2704 1400 2750; x_wconf 84' lang='lat' dir='ltr'><em>nis?</em></span> <span class='ocrx_word' id='word_1_568' title='bbox 1423 2701 1559 2748; x_wconf 78' lang='lat' dir='ltr'><em>inlioc</em></span> <span class='ocrx_word' id='word_1_569' title='bbox 1571 2707 1701 2748; x_wconf 83' lang='lat' dir='ltr'><em>etiam</em></span> <span class='ocrx_word' id='word_1_570' title='bbox 1713 2701 1954 2769; x_wconf 80' lang='lat' dir='ltr'><em>responderi</em></span> <span class='ocrx_word' id='word_1_571' title='bbox 1975 2701 2105 2771; x_wconf 81' lang='lat' dir='ltr'><em>posset</em></span> <span class='ocrx_word' id='word_1_572' title='bbox 2128 2722 2177 2749; x_wconf 86' lang='lat' dir='ltr'><em>ex</em></span> <span class='ocrx_word' id='word_1_573' title='bbox 2198 2706 2299 2749; x_wconf 85' lang='lat' dir='ltr'><em>Dit-</em></span> 
     </span>
     <span class='ocr_line' id='line_1_85' title="bbox 1309 2770 2299 2838; baseline 0.002 -22"><span class='ocrx_word' id='word_1_574' title='bbox 1309 2788 1431 2818; x_wconf 84' lang='lat' dir='ltr'><em>maro</em></span> <span class='ocrx_word' id='word_1_575' title='bbox 1440 2771 1629 2818; x_wconf 84' lang='lat' dir='ltr'><em>Othonis</em></span> <span class='ocrx_word' id='word_1_576' title='bbox 1640 2786 2001 2838; x_wconf 78' lang='lat' dir='ltr'><em>contemporaneo</em></span> <span class='ocrx_word' id='word_1_577' title='bbox 2015 2805 2028 2824; x_wconf 81' lang='grc'>,</span> <span class='ocrx_word' id='word_1_578' title='bbox 2049 2770 2218 2819; x_wconf 83' lang='lat' dir='ltr'><em>Othoni</em></span> <span class='ocrx_word' id='word_1_579' title='bbox 2230 2789 2299 2818; x_wconf 79' lang='lat' dir='ltr'><em>ac-</em></span> 
     </span>
     <span class='ocr_line' id='line_1_86' title="bbox 1308 2838 2299 2907; baseline 0.001 -22"><span class='ocrx_word' id='word_1_580' title='bbox 1308 2838 1529 2885; x_wconf 83' lang='lat' dir='ltr'><em>celeratam</em></span> <span class='ocrx_word' id='word_1_581' title='bbox 1551 2855 1742 2885; x_wconf 88' lang='lat' dir='ltr'><em>mortem</em></span> <span class='ocrx_word' id='word_1_582' title='bbox 1763 2838 2076 2907; x_wconf 78' lang='lat' dir='ltr'><em>conspiratione</em></span> <span class='ocrx_word' id='word_1_583' title='bbox 2096 2839 2270 2887; x_wconf 87' lang='lat' dir='ltr'><em>suorum</em></span> <span class='ocrx_word' id='word_1_584' title='bbox 2284 2873 2299 2893; x_wconf 88' lang='lat'><em>,</em></span> 
     </span>
     <span class='ocr_line' id='line_1_87' title="bbox 1307 2905 2298 2975; baseline 0.002 -23"><span class='ocrx_word' id='word_1_585' title='bbox 1307 2925 1391 2974; x_wconf 83' lang='lat' dir='ltr'><em>qua</em></span> <span class='ocrx_word' id='word_1_586' title='bbox 1405 2923 1626 2975; x_wconf 84' lang='lat' dir='ltr'><em>comperta</em></span> <span class='ocrx_word' id='word_1_587' title='bbox 1637 2905 1832 2974; x_wconf 77' lang='lat' dir='ltr'><em>protinus</em></span> <span class='ocrx_word' id='word_1_588' title='bbox 1844 2905 2082 2954; x_wconf 82' lang='lat' dir='ltr'><em>infirmatus</em></span> <span class='ocrx_word' id='word_1_589' title='bbox 2093 2907 2199 2970; x_wconf 87' lang='lat' dir='ltr'><em>obijt</em></span> <span class='ocrx_word' id='word_1_590' title='bbox 2210 2910 2298 2954; x_wconf 89' lang='lat' dir='ltr'><em>Im-</em></span> 
     </span>
    </p>
   </div>
   <div class='ocr_carea' id='block_1_11' title="bbox 1305 2974 2297 3094">
    <p class='ocr_par' dir='ltr' id='par_1_12' title="bbox 1305 2974 2297 3094">
     <span class='ocr_line' id='line_1_88' title="bbox 1306 2974 2297 3044; baseline 0.002 -22"><span class='ocrx_word' id='word_1_591' title='bbox 1306 2992 1475 3044; x_wconf 78' lang='lat' dir='ltr'><em>perator</em></span> <span class='ocrx_word' id='word_1_592' title='bbox 1488 3013 1496 3021; x_wconf 92' lang='lat'><strong><em>.</em></strong></span> <span class='ocrx_word' id='word_1_593' title='bbox 1535 2977 1584 3021; x_wconf 93' lang='lat' dir='ltr'><em>In</em></span> <span class='ocrx_word' id='word_1_594' title='bbox 1597 2991 1718 3021; x_wconf 83' lang='lat' dir='ltr'><em>tanto</em></span> <span class='ocrx_word' id='word_1_595' title='bbox 1731 2993 1875 3023; x_wconf 88' lang='lat' dir='ltr'><em>rerum</em></span> <span class='ocrx_word' id='word_1_596' title='bbox 1885 2974 2128 3024; x_wconf 85' lang='lat' dir='ltr'><em>discrimine</em></span> <span class='ocrx_word' id='word_1_597' title='bbox 2142 3010 2155 3029; x_wconf 94' lang='lat'>,</span> <span class='ocrx_word' id='word_1_598' title='bbox 2189 2975 2297 3043; x_wconf 89' lang='lat' dir='ltr'><em>quid</em></span> 
     </span>
     <span class='ocr_line' id='line_1_89' title="bbox 1305 3056 1434 3094; baseline -0.008 -4"><span class='ocrx_word' id='word_1_599' title='bbox 1305 3060 1408 3091; x_wconf 76' lang='lat' dir='ltr'><em>certi</em></span> <span class='ocrx_word' id='word_1_600' title='bbox 1420 3056 1434 3094; x_wconf 69' lang='grc' dir='ltr'><strong><em>ἓ</em></strong></span> 
     </span>
    </p>
   </div>
   <div class='ocr_carea' id='block_1_12' title="bbox 539 3174 2016 3255">
    <p class='ocr_par' dir='ltr' id='par_1_13' title="bbox 539 3174 2016 3255">
     <span class='ocr_line' id='line_1_90' title="bbox 539 3174 2016 3255; baseline 0.003 -16"><span class='ocrx_word' id='word_1_601' title='bbox 539 3174 1153 3255; x_wconf 73' lang='lat' dir='ltr'><em>OTHONIS</em></span> <span class='ocrx_word' id='word_1_602' title='bbox 1238 3180 1412 3245; x_wconf 95' lang='lat' dir='ltr'><strong>III.</strong></span> <span class='ocrx_word' id='word_1_603' title='bbox 1498 3180 2016 3246; x_wconf 87' lang='lat' dir='ltr'><strong>OBITVS.</strong></span> 
     </span>
    </p>
   </div>
   <div class='ocr_carea' id='block_1_13' title="bbox 268 3307 2288 3655">
    <p class='ocr_par' dir='ltr' id='par_1_14' title="bbox 397 3307 2287 3383">
     <span class='ocr_line' id='line_1_91' title="bbox 397 3307 2287 3383; baseline 0.001 -26"><span class='ocrx_word' id='word_1_604' title='bbox 397 3308 498 3357; x_wconf 85' lang='lat' dir='ltr'><em>Tho</em></span> <span class='ocrx_word' id='word_1_605' title='bbox 509 3308 667 3378; x_wconf 84' lang='lat' dir='ltr'><em>elapsus</em></span> <span class='ocrx_word' id='word_1_606' title='bbox 678 3308 700 3356; x_wconf 76' lang='grc' dir='ltr'>ὲ</span> <span class='ocrx_word' id='word_1_607' title='bbox 712 3309 906 3357; x_wconf 86' lang='lat' dir='ltr'><em>manibus</em></span> <span class='ocrx_word' id='word_1_608' title='bbox 921 3314 1225 3359; x_wconf 85' lang='lat' dir='ltr'><em>Romanorum</em></span> <span class='ocrx_word' id='word_1_609' title='bbox 1240 3347 1252 3366; x_wconf 86' lang='lat'><em>‚</em></span> <span class='ocrx_word' id='word_1_610' title='bbox 1298 3313 1460 3363; x_wconf 82' lang='lat' dir='ltr'><em>cessoris</em></span> <span class='ocrx_word' id='word_1_611' title='bbox 1473 3307 1782 3368; x_wconf 70' lang='lat' dir='ltr'><em>Otlionis‚dato</em></span> <span class='ocrx_word' id='word_1_612' title='bbox 1795 3318 1838 3361; x_wconf 88' lang='lat' dir='ltr'><em>in</em></span> <span class='ocrx_word' id='word_1_613' title='bbox 1851 3319 2030 3383; x_wconf 79' lang='lat' dir='ltr'><em>gratiam</em></span> <span class='ocrx_word' id='word_1_614' title='bbox 2042 3315 2287 3376; x_wconf 79' lang='lat' dir='ltr'><em>Monasterij</em></span> 
     </span>
    </p>

    <p class='ocr_par' dir='ltr' id='par_1_15' title="bbox 432 3381 2287 3451">
     <span class='ocr_line' id='line_1_92' title="bbox 432 3381 2287 3451; baseline 0.002 -27"><span class='ocrx_word' id='word_1_615' title='bbox 432 3395 530 3424; x_wconf 89' lang='lat' dir='ltr'><em>cum</em></span> <span class='ocrx_word' id='word_1_616' title='bbox 562 3394 754 3445; x_wconf 80' lang='lat' dir='ltr'><em>reparato</em></span> <span class='ocrx_word' id='word_1_617' title='bbox 783 3382 969 3425; x_wconf 85' lang='lat' dir='ltr'><em>exercitu</em></span> <span class='ocrx_word' id='word_1_618' title='bbox 1010 3381 1053 3424; x_wconf 89' lang='lat' dir='ltr'><em>in</em></span> <span class='ocrx_word' id='word_1_619' title='bbox 1090 3382 1252 3427; x_wconf 82' lang='lat' dir='ltr'><em>Roma-</em></span> <span class='ocrx_word' id='word_1_620' title='bbox 1295 3389 1332 3430; x_wconf 84' lang='lat' dir='ltr'><em>S,</em></span> <span class='ocrx_word' id='word_1_621' title='bbox 1347 3385 1562 3446; x_wconf 74' lang='lat' dir='ltr'><em>Vincenti]</em></span> <span class='ocrx_word' id='word_1_622' title='bbox 1575 3384 1626 3430; x_wconf 77' lang='lat' dir='ltr'><em>acl</em></span> <span class='ocrx_word' id='word_1_623' title='bbox 1647 3381 1785 3430; x_wconf 80' lang='lat' dir='ltr'><em>fontes</em></span> <span class='ocrx_word' id='word_1_624' title='bbox 1796 3383 2000 3431; x_wconf 81' lang='lat' dir='ltr'><em>Vulturni</em></span> <span class='ocrx_word' id='word_1_625' title='bbox 2021 3381 2175 3451; x_wconf 76' lang='lat' dir='ltr'><em>pofitos</em></span> <span class='ocrx_word' id='word_1_626' title='bbox 2197 3384 2287 3428; x_wconf 89' lang='lat' dir='ltr'><em>An-</em></span> 
     </span>
    </p>

    <p class='ocr_par' dir='ltr' id='par_1_16' title="bbox 268 3443 2288 3655">
     <span class='ocr_line' id='line_1_93' title="bbox 268 3443 2288 3519; baseline 0.002 -27"><span class='ocrx_word' id='word_1_627' title='bbox 268 3463 346 3492; x_wconf 88' lang='lat' dir='ltr'><em>nos</em></span> <span class='ocrx_word' id='word_1_628' title='bbox 359 3478 372 3498; x_wconf 90' lang='lat'>‚</span> <span class='ocrx_word' id='word_1_629' title='bbox 394 3443 486 3492; x_wconf 82' lang='lat' dir='ltr'><em>Vrbi</em></span> <span class='ocrx_word' id='word_1_630' title='bbox 497 3448 865 3514; x_wconf 81' lang='lat' dir='ltr'><em>appropinquaret</em></span> <span class='ocrx_word' id='word_1_631' title='bbox 878 3480 892 3500; x_wconf 83' lang='lat'><em>‚</em></span> <span class='ocrx_word' id='word_1_632' title='bbox 903 3450 947 3494; x_wconf 93' lang='lat' dir='ltr'><em>in</em></span> <span class='ocrx_word' id='word_1_633' title='bbox 959 3449 1109 3493; x_wconf 87' lang='lat' dir='ltr'><em>itinere</em></span> <span class='ocrx_word' id='word_1_634' title='bbox 1124 3480 1137 3500; x_wconf 83' lang='lat'><em>,</em></span> <span class='ocrx_word' id='word_1_635' title='bbox 1150 3446 1253 3493; x_wconf 80' lang='lat' dir='ltr'><em>hau·</em></span> <span class='ocrx_word' id='word_1_636' title='bbox 1297 3469 1354 3499; x_wconf 87' lang='lat' dir='ltr'><em>no</em></span> <span class='ocrx_word' id='word_1_637' title='bbox 1366 3452 1439 3498; x_wconf 81' lang='lat' dir='ltr'><em>Sal.</em></span> <span class='ocrx_word' id='word_1_638' title='bbox 1453 3475 1465 3499; x_wconf 93' lang='lat'>1</span> <span class='ocrx_word' id='word_1_639' title='bbox 1481 3470 1586 3509; x_wconf 85' lang='lat'>014.</span> <span class='ocrx_word' id='word_1_640' title='bbox 1603 3454 1742 3519; x_wconf 80' lang='lat' dir='ltr'><em>Regni</em></span> <span class='ocrx_word' id='word_1_641' title='bbox 1754 3454 1928 3497; x_wconf 87' lang='lat' dir='ltr'><em>Henrici</em></span> <span class='ocrx_word' id='word_1_642' title='bbox 1944 3453 2024 3497; x_wconf 91' lang='lat' dir='ltr'><em>XII</em></span> <span class='ocrx_word' id='word_1_643' title='bbox 2031 3468 2145 3515; x_wconf 71' lang='lat' dir='ltr'><em>ergo</em></span> <span class='ocrx_word' id='word_1_644' title='bbox 2157 3451 2288 3496; x_wconf 87' lang='lat' dir='ltr'><em>Anno</em></span> 
     </span>
     <span class='ocr_line' id='line_1_94' title="bbox 269 3511 2286 3586; baseline 0.003 -28"><span class='ocrx_word' id='word_1_645' title='bbox 269 3511 333 3559; x_wconf 90' lang='lat' dir='ltr'><em>sto</em></span> <span class='ocrx_word' id='word_1_646' title='bbox 343 3529 507 3560; x_wconf 89' lang='lat' dir='ltr'><em>veneno</em></span> <span class='ocrx_word' id='word_1_647' title='bbox 519 3515 922 3581; x_wconf 82' lang='lat' dir='ltr'><em>moritur.Sigeber.S</em></span> <span class='ocrx_word' id='word_1_648' title='bbox 923 3515 965 3562; x_wconf 86' lang='lat' dir='ltr'><em>al</em></span> <span class='ocrx_word' id='word_1_649' title='bbox 983 3521 1095 3562; x_wconf 85' lang='lat' dir='ltr'><em>Anno</em></span> <span class='ocrx_word' id='word_1_650' title='bbox 1118 3538 1131 3563; x_wconf 93' lang='lat'>1</span> <span class='ocrx_word' id='word_1_651' title='bbox 1146 3535 1252 3562; x_wconf 76' lang='lat' dir='ltr'><em>ooz.</em></span> <span class='ocrx_word' id='word_1_652' title='bbox 1304 3543 1317 3568; x_wconf 90' lang='lat'>1</span> <span class='ocrx_word' id='word_1_653' title='bbox 1334 3539 1440 3567; x_wconf 80' lang='lat'><em>002.</em></span> <span class='ocrx_word' id='word_1_654' title='bbox 1458 3536 1630 3586; x_wconf 81' lang='lat' dir='ltr'><em>regnare</em></span> <span class='ocrx_word' id='word_1_655' title='bbox 1642 3522 1764 3586; x_wconf 63' lang='lat' dir='ltr'><em>carpit</em></span> <span class='ocrx_word' id='word_1_656' title='bbox 1776 3521 2004 3565; x_wconf 85' lang='lat' dir='ltr'><em>Henricus.</em></span> <span class='ocrx_word' id='word_1_657' title='bbox 2042 3519 2170 3562; x_wconf 86' lang='lat' dir='ltr'><em>Diem</em></span> <span class='ocrx_word' id='word_1_658' title='bbox 2196 3516 2286 3565; x_wconf 83' lang='lat' dir='ltr'><em>obi-</em></span> 
     </span>
     <span class='ocr_line' id='line_1_95' title="bbox 270 3579 2287 3655; baseline 0.004 -29"><span class='ocrx_word' id='word_1_659' title='bbox 270 3579 434 3630; x_wconf 66' lang='lat' dir='ltr'><em>vtclare</em></span> <span class='ocrx_word' id='word_1_660' title='bbox 445 3597 618 3648; x_wconf 80' lang='lat' dir='ltr'><em>patetex</em></span> <span class='ocrx_word' id='word_1_661' title='bbox 640 3581 874 3648; x_wconf 77' lang='lat' dir='ltr'><em>diplomate</em></span> <span class='ocrx_word' id='word_1_662' title='bbox 890 3584 1067 3630; x_wconf 86' lang='lat' dir='ltr'><em>Henrici</em></span> <span class='ocrx_word' id='word_1_663' title='bbox 1086 3584 1139 3642; x_wconf 77' lang='lat' dir='ltr'><em>,H-</em></span> <span class='ocrx_word' id='word_1_664' title='bbox 1162 3582 1256 3631; x_wconf 90' lang='lat' dir='ltr'><em>suc-</em></span> <span class='ocrx_word' id='word_1_665' title='bbox 1298 3603 1362 3634; x_wconf 88' lang='lat' dir='ltr'><em>tus</em></span> <span class='ocrx_word' id='word_1_666' title='bbox 1385 3589 1617 3655; x_wconf 81' lang='lat' dir='ltr'><em>Scriptores</em></span> <span class='ocrx_word' id='word_1_667' title='bbox 1630 3590 1794 3644; x_wconf 81' lang='lat' dir='ltr'><em>variant</em></span> <span class='ocrx_word' id='word_1_668' title='bbox 1808 3623 1816 3630; x_wconf 89' lang='lat'><em>.</em></span> <span class='ocrx_word' id='word_1_669' title='bbox 1832 3587 2046 3640; x_wconf 69' lang='lat' dir='ltr'><em>Marianus</em></span> <span class='ocrx_word' id='word_1_670' title='bbox 2058 3588 2204 3630; x_wconf 86' lang='lat' dir='ltr'><em>Scotus</em></span> <span class='ocrx_word' id='word_1_671' title='bbox 2228 3587 2287 3633; x_wconf 62' lang='lat' dir='ltr'><em>Vs</em></span> 
     </span>
    </p>
   </div>
   <div class='ocr_carea' id='block_1_14' title="bbox 1738 3649 2211 3701">
    <p class='ocr_par' dir='ltr' id='par_1_17' title="bbox 1738 3649 2211 3701">
     <span class='ocr_line' id='line_1_96' title="bbox 1738 3649 2211 3701; baseline 0.002 -2"><span class='ocrx_word' id='word_1_672' title='bbox 1738 3657 1764 3699; x_wconf 82' lang='lat' dir='ltr'>F</span> <span class='ocrx_word' id='word_1_673' title='bbox 1785 3649 1811 3699; x_wconf 86' lang='lat' dir='ltr'>f</span> <span class='ocrx_word' id='word_1_674' title='bbox 1875 3673 1900 3701; x_wconf 66' lang='grc' dir='ltr'>ι</span> <span class='ocrx_word' id='word_1_675' title='bbox 2036 3651 2211 3700; x_wconf 85' lang='lat' dir='ltr'><em>Kalend.</em></span> 
     </span>
    </p>
   </div>
   <div class='ocr_carea' id='block_1_15' title="bbox 2321 1108 2455 1188">
    <p class='ocr_par' dir='ltr' id='par_1_18' title="bbox 2321 1108 2455 1188">
     <span class='ocr_line' id='line_1_97' title="bbox 2321 1108 2455 1188; baseline -0.03 -41"><span class='ocrx_word' id='word_1_676' title='bbox 2321 1112 2347 1188; x_wconf 63' lang='grc' dir='ltr'><em>ἑ)</em></span> <span class='ocrx_word' id='word_1_677' title='bbox 2364 1108 2455 1146; x_wconf 64' lang='lat' dir='ltr'><em>tect·</em></span> 
     </span>
    </p>
   </div>
  </div>
 </body>
</html>
