2561 4122
687 149 923 214 Catena
935 140 1248 208 Historica.
1294 140 1419 206 Lib.
1433 137 1577 204 XIII.
1620 137 1774 221 Cap.
1789 138 1853 201 ΙΙ.

796 250 1007 321 Zelotypa
1020 253 1107 318 egit
1122 265 1308 316 procum
1318 245 1370 292 ad
1383 250 1573 295 Orcum.

610 318 741 369 Sensit
763 318 889 368 Otho
903 352 916 372 ‚
940 317 1047 365 hanc
1071 334 1117 365 vt
1139 316 1322 384 placaret
1345 315 1550 360 conuiuio
1571 311 1782 377 excipiens

625 387 904 438 Perduellium
923 390 1228 437 Romanorum
1250 382 1321 430 {an
1354 384 1501 428 uinem
1524 379 1773 447 propinauit

614 463 735 526 Qos
749 453 947 503 familiari
968 454 1067 502 dolo
1081 488 1094 506 ,
1107 469 1153 502 vt
1165 468 1262 499 ante
1272 453 1316 519 ip
1337 448 1501 517 iipsum
1514 448 1758 504 ,flacciuerat
1772 476 1786 497 ‚

684 523 760 573 Sed
774 541 894 572 tanto
905 521 1068 570 suauius
1082 556 1095 575 ,
1106 521 1224 588 quod
1235 519 1291 566 illi
1312 517 1420 567 bello
1434 553 1448 573 ‚
1484 514 1556 562 iste
1580 531 1689 588 potu
1705 550 1715 559 .

991 592 1175 638 Horruit
1197 607 1315 636 mors
1333 586 1420 657 ipsa

620 665 724 711 Non
746 660 1023 729 proditorum
1042 675 1261 711 mortem,
1282 655 1352 704 sed
1374 671 1547 702 morem
1567 650 1788 701 vindictae:

853 732 907 776 Et
930 724 1089 774 fercula
1108 726 1341 774 abhorrens
1362 722 1552 791 suspecta

785 796 1012 863 Indignata
1035 798 1202 843 receffit
1224 817 1236 852 ς
1271 790 1397 842 Otho
1426 790 1621 838 deceffit.

619 870 701 913 Suo
722 867 767 912 in
790 863 1042 914 testamento
1063 882 1114 911 ne
1138 866 1233 931 quis
1254 861 1497 930 sequeretur
1520 855 1789 925 praeteritum

787 932 980 1001 Reliquit
992 931 1192 980 omnibus
1205 928 1422 997 exemplar
1431 924 1596 974 iustitiae
1610 964 1618 972 .

889 1000 989 1048 Sero
1001 1004 1230 1069 cognitum
1254 1000 1360 1046 luxit
1380 1002 1523 1046 Roma

688 1073 797 1138 Qae
808 1069 1015 1138 parricida
1027 1087 1115 1118 non
1125 1066 1222 1116 esset
1235 1103 1248 1123 ,
1286 1070 1330 1115 ni
1350 1083 1519 1135 patrem
1538 1057 1699 1111 dixisset
1712 1078 1724 1114 ς

891 1139 1153 1185 Vaticanum
1162 1136 1330 1205 excepit
1341 1138 1499 1183 cineres
1512 1167 1526 1187 ,

754 1208 808 1254 Et
828 1224 930 1254 cum
941 1210 1111 1254 Petram
1122 1212 1227 1254 Saxo
1239 1203 1439 1254 deficiens
1461 1206 1507 1249 in
1527 1197 1679 1250 vmbra

789 1276 907 1323 Inter
927 1278 1047 1325 viuos
1062 1310 1076 1330 ,
1097 1291 1294 1323 mortuus
1322 1270 1630 1339 triumphauit.

557 1340 850 1393 Sacerdotium
852 1351 913 1401 ,&
924 1345 1166 1413 Imperium
1176 1361 1278 1389 cum
1287 1340 1376 1389 solo
1386 1338 1636 1388 associentur
1648 1336 1694 1383 in
1714 1328 1881 1381 tumulo

930 1413 1190 1480 Imperatori
1221 1410 1291 1459 sed
1312 1427 1495 1458 mortuo

972 1483 1096 1527 Dum
1115 1481 1230 1527 canit
1257 1478 1457 1526 Sacerdos

1004 1549 1103 1599 Otho
1123 1553 1187 1595 ll.
1218 1551 1434 1615 Imperator

905 1622 1181 1683 &manorum
1210 1622 1517 1680 SarracenoruW

1078 1684 1244 1734 Pallida
1262 1704 1361 1734 mors

992 1755 1255 1822 Interpunge
1272 1756 1411 1803 viator
1424 1789 1434 1800 .

726 1956 794 2002 De
813 1952 992 2006 Othone
1012 1957 1066 2004 11.
1101 1958 1296 2024 Antiqua
1316 1956 1483 2024 Micylli
1512 1959 1737 2007 Carmina.

583 2097 667 2140 Par
676 2092 827 2140 animis
832 2095 941 2158 patri
951 2123 966 2145 ,
976 2092 1188 2141 Gallorum
1197 2095 1259 2143 hic
1277 2094 1465 2142 vindicat
1484 2113 1586 2144 artes
1597 2130 1613 2150 ,

653 2164 710 2207 Ec
715 2160 819 2226 serit
837 2160 992 2208 vltrz'ces
1010 2180 1101 2208 cum
1105 2160 1281 2228 patruele
1303 2181 1474 2210 manus.

581 2234 614 2277 S
615 2228 664 2277 ed
673 2226 772 2275 dum
790 2228 979 2296 reliquias
998 2232 1219 2278 Graiorum
1237 2247 1438 2297 expugnat
1448 2231 1499 2278 ab
1519 2229 1617 2293 hoste

652 2295 822 2346 Auxilio
833 2296 990 2368 lingua,
1000 2296 1120 2367 atquc}
1131 2318 1195 2346 aere
1207 2296 1425 2367 redemptus
1435 2296 1523 2348 abit
1538 2337 1547 2346 .

1102 2435 1170 2482 De
1190 2435 1356 2483 Eodem
1369 2471 1379 2481 .

526 2636 528 2638 Ι
593 2571 704 2622 Alter
715 2569 815 2622 Otho
824 2571 869 2619 in
879 2571 1068 2621 Calabris
1081 2589 1240 2640 accepta
1251 2571 1363 2620 clade
1374 2605 1388 2625 ‚
1410 2573 1627 2642 redemptus

639 2646 681 2688 A
705 2639 852 2708 Siculis
862 2674 878 2710 ³,
902 2645 1124 2710 Romaqu
1147 2641 1241 2708 inde
1251 2640 1434 2691 redufbus
1453 2642 1530 2691 obit
1545 2681 1554 2690 .

1765 3652 1808 3697 Y

2072 135 2206 211 169

1986 236 2161 279 Perduellps
2170 232 2289 267 Roma)

1987 290 2037 311 nos
2048 278 2145 317 doloso
2156 275 2297 315 exceptos

1987 322 2123 355 conuiuio
2140 317 2277 349 trucidas
2288 338 2297 345 .

2051 361 2054 364 '
2105 357 2197 395 XIX.

2101 744 2179 776 XX.

2000 1062 2110 1098 Patria
2116 1056 2311 1103 patremAOtss

2000 1104 2112 1137 honem
2136 1104 2237 1134 Roma
2255 1098 2311 1143 fae

2002 1147 2178 1181 tumuerat.

2013 3653 2262 3705 CATENA
